2888 3491
1346 248 1580 290 ..8-

318 385 481 426 silentio
494 380 762 435 praetermisit
773 407 786 428 ,
814 375 918 430 quod
932 374 1135 417 Diodorus
1150 373 1314 416 tradidit
1336 389 1422 430 cap.
1438 375 1493 418 82
1511 381 1613 417 extr.
1624 406 1637 429 ,
1663 375 1884 417 Leontinos
1907 388 1933 417 a
1948 375 2197 419 Timoleonte
2221 381 2262 418 in
2273 383 2486 420 ‘civitatem
2503 372 2621 433 Syra-

320 456 553 489 cusanorum
575 440 832 482 transductos
853 453 962 481 esse.

420 508 483 547 De
507 506 618 545 bello
643 510 738 558 post
770 504 966 544 liberatas
992 504 1221 558 Syracusas
1250 515 1339 544 cum
1361 503 1760 558 Carthaginiensibus
1782 516 1809 545 a
1831 504 2081 546 Timoleonte
2111 508 2231 560 gesto
2253 504 2381 545 multa
2404 508 2625 548 communia

321 573 463 614 hahent
478 569 683 610 Diodorus
699 573 741 609 et
754 568 995 608 Plutarchus
1005 597 1018 619 ‚
1048 564 1172 620 quare
1190 571 1293 607 satis
1308 567 1431 608 fuerit
1445 569 1567 608 verbo
1583 568 1783 608 indicasse
1794 597 1807 619 ,
1836 569 1981 620 quibus
2002 573 2044 609 in
2059 569 2180 609 rebus
2197 572 2299 607 inter
2323 580 2371 607 se
2386 563 2622 622 discrepent.

420 633 626 675 Diodorus
649 646 683 672 c.
700 632 753 672 73
777 631 898 685 paulo
916 633 1145 671 accuratius
1169 634 1353 684 exponit,
1384 645 1487 684 quae
1502 633 1689 672 breviter
1703 630 1944 671 Plutarchus
1968 645 2003 672 c.
2017 632 2074 673 24
2092 634 2310 685 percurrit,
2338 629 2387 671 de
2409 632 2640 684 expeditio*-

318 700 434 740 nibus
450 711 475 737 a
490 697 755 737 Timoleontis
780 694 976 735 militibus
998 697 1260 734 mercenariis
1282 697 1320 734 iu
1345 708 1433 735 eam
1450 695 1615 736 Siciliae
1632 699 1836 749 regionem
1858 698 2082 748 susceptis,
2111 707 2216 747 quae
2238 694 2313 734 sub
2329 694 2624 748 Carthaginien-

321 767 423 803 sium
456 766 545 801 erat
568 760 737 811 ditione3
775 758 886 799 addit
917 762 1154 811 praeterea,
1194 757 1298 810 quod
1330 761 1491 813 ignorat
1521 759 1785 810 Plutarchus,
1832 761 2001 811 potitum
2025 757 2317 798 Timoleontem
2347 770 2441 798 esse
2466 757 2627 798 Entella

320 824 465 878 oppido
488 828 529 862 et
552 822 774 874 quindecim
798 825 931 872 cives,
971 825 1038 874 qui
1063 824 1233 861 maxime
1256 821 1438 862 faverent
1462 822 1849 878 Carthaginiensium
1874 823 2076 875 partibus,
2111 824 2242 873 capite
2264 820 2501 872 mulctasse,
2536 818 2626 870 rell-

320 893 411 942 quis
436 888 665 927 libertatem
695 889 943 925 restituisse.
974 907 1023 914 --
1051 885 1228 925 Militum
1260 890 1301 925 et
1328 888 1488 925 navium
1515 886 1903 940 Carthaginiensium
1926 884 2043 924 Diod.
2066 897 2102 924 c.
2118 885 2173 924 w
2198 884 2365 924 eundem
2389 883 2476 923 fere
2501 882 2628 922 refert

318 964 541 1001 numerum,
570 962 688 1002 quem
704 949 948 989 Plutarchus
965 961 1052 1000 cap.
1067 947 1135 999 25,
1164 951 1355 1000 equitum,
1384 962 1569 990 curruum
1586 955 1628 990 et
1641 950 1822 1003 bigarum
1839 947 1948 988 addit
1962 946 2033 987 ille
2049 947 2185 988 decem
2200 947 2324 987 milia.
2343 947 2387 997 *J
2415 970 2464 977 -—
2491 946 2628 987 Duces

317 1017 546 1057 Poenorum
560 1013 668 1053 Plut.
688 1026 774 1065 cap.
791 1012 844 1052 25
860 1011 1152 1051 Hasdrubalem
1168 1017 1210 1051 et
1225 1011 1490 1053 Hamilcarem
1510 1013 1605 1053 dicit
1628 1013 1778 1064 fuisse,
1807 1025 1971 1065 quorum
1985 1014 2144 1051 nomina
2157 1010 2310 1051 frustra
2333 1023 2503 1064 quaeras
2525 1008 2639 1063 apud·

318 1079 555 1120 Diodorum.
588 1100 636 1106 —
664 1075 849 1115 Animum
874 1074 1174 1128 Syracusanos,
1214 1074 1262 1114 de
1282 1075 1669 1129 Carthaginiensium
1693 1077 1865 1116 adventu
1887 1078 2079 1115 certiores
2101 1074 2253 1125 factos,
2292 1087 2389 1127 prae
2412 1087 2459 1114 se
2484 1074 2629 1114 tulisse

322 1144 470 1183 fortem
495 1146 537 1180 et
561 1139 739 1180 bellandi
764 1138 967 1191 cupidum,
1006 1138 1254 1191 militumque
1280 1138 1621 1192 Syracusanorum
1654 1145 1695 1180 et
1719 1141 2049 1180 mercenariorum
2073 1136 2279 1178 duodecim
2306 1137 2420 1193 milia
2442 1137 2630 1178 eduxisse

324 1206 634 1253 Timoleontem,
665 1202 791 1241 refert
804 1202 1007 1240 Diodorus
1030 1215 1115 1252 cap.
1134 1202 1198 1241 78.
1254 1201 1403 1240 Contra
1427 1215 1477 1241 ea
1493 1203 1733 1242 Plutarchus
1755 1203 1930 1243 affimat
1952 1205 2190 1254 perterritos
2212 1205 2479 1254 maximopere
2500 1201 2631 1241 fuisse

324 1270 600 1323 Syracusanos
619 1277 669 1305 ex
691 1276 907 1316 eorumque
934 1276 1097 1304 numero
1120 1267 1184 1303 vix
1202 1267 1280 1304 tria
1295 1264 1407 1304 milia
1428 1277 1570 1304 nomen
1597 1264 1760 1306 dedisse
1776 1265 2039 1316 Timoleonti,
2066 1268 2398 1305 mercenariorum
2420 1269 2460 1305 in
2481 1265 2631 1305 bellum

322 1334 463 1374 educta
479 1340 574 1369 esse
591 1332 762 1381 quatuor
785 1326 908 1365 milia.
938 1348 987 1355 —
1017 1325 1060 1365 In
1084 1330 1227 1366 itinere
1244 1327 1481 1367 seditionem
1498 1332 1626 1367 ortam
1649 1331 1688 1367 in
1705 1328 1970 1368 Timoleontis
1984 1331 2162 1368 exercitu
2181 1332 2223 1367 et
2236 1327 2348 1368 mille
2362 1330 2631 1368 mercenarios

321 1396 550 1448 Syracusas
569 1403 757 1430 reversos
780 1402 874 1429 esse
892 1395 1061 1441 uterque
1085 1390 1209 1429 tradit
1238 1394 1431 1442 scriptor,
1460 1390 1580 1441 paulo
1603 1394 1807 1443 copiosius
1822 1391 2047 1441 Diodorus,
2075 1393 2142 1444 qul
2166 1394 2207 1430 in
2226 1390 2491 1444 Agrigentino
2515 1403 2629 1445 agro,

322 1459 498 1499 Thrasio
516 1454 685 1508 quodam
701 1459 863 1493 auctore
887 1453 928 1492 id
944 1453 1143 1492 accidisse
1161 1458 1356 1502 testatur,
1385 1453 1676 1493 Timoleontem
1698 1460 1829 1493 autem
1841 1483 1853 1504 ,
1882 1458 1921 1493 in
1943 1454 2053 1493 aliud
2068 1459 2225 1506 tempus
2244 1454 2368 1494 dilata
2382 1455 2629 1494 desertorum

323 1533 476 1576 poena,
517 1530 642 1572 aegre
669 1519 843 1556 caeteris
869 1519 1130 1555 mercenariis
1154 1519 1348 1566 retentis,
1386 1519 1537 1555 amicos
1562 1516 1839 1570 Syracusanos
1871 1529 1943 1569 per
1967 1516 2109 1556 literas
2133 1521 2360 1568 monuisse,
2396 1523 2439 1558 ut
2461 1518 2632 1572 benigne

325 1586 555 1637 exciperent
579 1581 799 1621 seditiosos
826 1580 1008 1618 homines
1034 1584 1076 1619 et
1104 1579 1344 1631 stipendium
1370 1578 1568 1630 debitum,
1593 1578 1698 1632 quod
1722 1582 1762 1619 in
1783 1584 1918 1620 causis
1945 1579 2078 1620 fuerat
2100 1579 2310 1621 seditionis
2336 1584 2551 1633 excitatae,
2578 1584 2630 1621 iis

304 1647 612 1702 persolverent.
668 1643 882 1682 Thrasium
906 1647 1038 1681 autem
1058 1641 1162 1693 quod
1178 1641 1381 1680 Diodorus
1404 1643 1545 1681 scribit
1569 1643 1699 1682 solum
1725 1643 1812 1682 fere
1837 1643 1909 1682 illo
1924 1649 2104 1697 tempore
2128 1645 2324 1697 reliquum
2348 1645 2479 1685 fuisse
2495 1657 2545 1685 ex
2564 1648 2630 1696 iis,

323 1715 390 1766 qui
407 1724 496 1751 cum
513 1707 790 1749 Phocensibus
812 1706 1004 1758 templum
1020 1704 1258 1757 Delphicum
1283 1704 1555 1756 expilassent,
1585 1709 1624 1745 in
1647 1718 1698 1744 eo
1722 1719 1800 1744 non
1817 1711 2004 1759 congruit
2027 1721 2116 1747 cum
2138 1707 2376 1759 Plutarcho,
2408 1712 2474 1762 qui
2496 1709 2632 1762 plures

323 1774 488 1817 tradidit
514 1774 622 1824 (cap.
638 1770 712 1821 30)
746 1773 785 1810 ἰιι
808 1769 1073 1810 Timoleontis
1098 1771 1275 1809 exercitu
1301 1767 1431 1808 fuisse
1457 1780 1615 1821 eorum,
1652 1770 1717 1822 qui
1754 1770 1795 1809 in
1828 1768 1997 1811 sceleris
2029 1770 2141 1812 illius
2166 1777 2359 1813 venerant
2384 1776 2630 1824 societatem,

326 1851 428 1893 quos
452 1848 590 1876 omnes
614 1839 706 1887 post
730 1847 903 1886 pugnam
926 1834 976 1873 ad
994 1834 1231 1872 Crimissum
1254 1832 1402 1871 factam
1427 1835 1467 1871 in
1486 1833 1703 1872 minoribus
1726 1832 1893 1885 proeliis
1917 1835 1968 1874 ab
1990 1835 2174 1875 hostibus
2198 1836 2403 1877 confectos
2421 1848 2514 1877 esse
2529 1850 2631 1877 com-

324 1905 521 1943 memorat
550 1901 658 1949 (cap.
681 1896 754 1945 30)
780 1899 867 1935 iure
893 1896 1094 1935 admirans
1120 1899 1302 1935 eximiam
1330 1895 1595 1935 Timoleontis
1626 1899 1665 1935 in
1691 1893 1766 1935 hac
1784 1909 1940 1949 quoque
1965 1910 2009 1936 re
2034 1898 2280 1938 felicitatem.
2324 1923 2374 1929 —
2410 1900 2474 1939 De
2497 1901 2632 1951 mulis,

324 1969 457 2020 apium
474 1961 749 2016 portantibus,
778 1961 971 1999 exercitui
988 1958 1143 1999 obviam
1160 1958 1279 1999 factis
1291 1989 1303 2010 ,
1331 1959 1471 1999 eadem
1487 1959 1573 1999 fere
1591 1964 1758 2013 uterque
1775 1960 1911 2009 (Diod.
1929 1973 2016 2013 cap.
2031 1960 2097 2002 79.
2125 1961 2231 2002 Plut.
2247 1976 2280 2003 c.
2295 1963 2384 2014 w).
2410 1962 2474 2004 De
2489 1964 2631 2015 altero,

325 2029 432 2083 quod
455 2028 529 2067 suh
547 2026 666 2065 finem
694 2023 823 2063 eiusd.
842 2036 928 2075 cap.
948 2024 1089 2062 scribit
1102 2023 1340 2062 Plutarchus
1365 2023 1564 2062 accidisse
1576 2052 1588 2074 ,
1618 2027 1767 2074 omine,
1795 2024 1851 2063 nil
1868 2024 1972 2076 apud
1986 2024 2218 2065 Diodorum.
2237 2048 2285 2055 ——
2306 2026 2421 2066 Quae
2437 2027 2489 2067 ad
2503 2031 2631 2080 ipsam

325 2104 499 2145 pugnam
522 2089 572 2128 ad
597 2088 836 2128 Crimissum
861 2090 1116 2126 commissam
1139 2090 1329 2138 attinent,
1368 2096 1506 2126 eorum
1532 2086 1704 2138 plurima
1730 2087 1916 2128 similiter
1936 2092 2104 2140 uterque
2131 2091 2304 2140 scriptor
2325 2093 2506 2142 exponit,
2541 2105 2631 2131 non-

325 2154 439 2195 nulla
452 2152 690 2192 Plutarchus
708 2156 750 2190 et
770 2153 999 2190 accuratius
1023 2154 1065 2189 et
1080 2153 1281 2201 copiosius
1298 2163 1415 2202 quam
1430 2149 1634 2189 Diodorus
1646 2179 1658 2201 ,
1686 2162 1736 2189 ex
1752 2163 1829 2203 quo
1847 2162 1896 2190 ne
1919 2151 1960 2191 id
1982 2151 2140 2205 quIdem
2156 2151 2343 2203 discitur,
2372 2152 2553 2206 fluvium,
2581 2155 2633 2196 ad

326 2231 445 2272 quem
454 2220 687 2269 ,pugnatum
711 2220 794 2264 est,
824 2214 1061 2254 Crimissum
1086 2213 1238 2264 fuisse,
1269 2214 1372 2266 quod
1394 2219 1557 2266 praeter
1579 2213 1834 2253 Plutarchum
1859 2220 2032 2254 testatur
2048 2215 2258 2255 Cornelius
2285 2216 2425 2269 Nepos
2449 2219 2553 2270 (cap.
2569 2218 2629 2268 2).

326 2282 497 2323 Occisos
512 2283 553 2319 in
570 2291 620 2319 ea
634 2291 770 2333 pugna
784 2277 985 2317 Diodorus
1011 2276 1138 2317 refert
1160 2283 1320 2330 praeter
1344 2277 1426 2318 alia
1452 2277 1586 2318 decem
1610 2277 1720 2317 milia
1735 2277 1956 2329 hominum,
1986 2277 2063 2319 duo
2082 2279 2192 2319 milia
2216 2284 2257 2319 et
2272 2283 2509 2333 quingentos
2526 2285 2632 2334 ipso-

325 2360 414 2388 rum
436 2344 851 2397 Carthaginiensium3
878 2341 1095 2381 Plutarcho
1122 2347 1284 2381 auctore
1315 2345 1472 2381 omnino
1499 2342 1634 2382 decem
1662 2341 1773 2382 milia
1795 2347 1888 2381 sunt
1911 2343 2145 2395 interfecta,
2189 2347 2229 2383 in
2253 2345 2396 2396 quibus
2420 2349 2500 2384 tria
2521 2345 2633 2386 milia

326 2410 486 2450 fuerunt
502 2408 904 2460 Carthaginiensium.
959 2404 1087 2457 Capta
1100 2405 1302 2445 Diodorus
1327 2406 1499 2457 prodidit
1525 2405 1746 2458 quindecim
1770 2406 1943 2445 hostium
1967 2407 2099 2458 milia,
2126 2406 2366 2446 Plutarchus
2390 2411 2631 2461 captivorum

327 2472 521 2526 plurimos
548 2484 573 2510 a
595 2469 794 2509 militibus
820 2467 1083 2508 Timoleontis
1110 2471 1168 2507 ait
1191 2467 1293 2507 clam
1326 2481 1420 2508 esse
1446 2469 1690 2519 subductos,
1730 2472 1771 2509 in
1794 2473 1988 2509 communi
2012 2469 2161 2523 praeda
2182 2470 2319 2511 habita
2342 2482 2436 2510 esse
2462 2475 2631 2525 quinque

325 2535 452 2576 milia.

435 2596 725 2638 Timoleontem
748 2607 798 2636 ex
822 2598 974 2650 ingenti
1000 2608 1116 2647 opum
1139 2599 1342 2648 captamm
1367 2599 1483 2648 copia
1509 2595 1565 2636 nil
1583 2596 1660 2636 sibi
1676 2599 1935 2649 seposuisse,
1976 2600 2107 2639 omnia
2122 2597 2316 2638 militibus
2332 2599 2371 2637 iu
2389 2596 2630 2641 fortitudinis

326 2664 549 2718 praemium
568 2663 822 2699 concessisse
844 2658 1048 2699 Diodorus
1072 2658 1189 2698 docet
1215 2672 1248 2699 c.
1268 2658 1342 2711 80,
1372 2659 1477 2713 quod
1495 2662 1636 2700 mirum
1661 2665 1749 2712 est,
1778 2673 1802 2700 a
1816 2660 2029 2701 Plutarcho
2052 2675 2130 2701 non
2154 2673 2249 2701 esse
2272 2667 2629 2713 commemoratum,

329 2730 396 2778 qui
411 2731 544 2766 tamen
569 2724 619 2764 de
644 2726 721 2773 iis,
751 2737 851 2775 quae
875 2729 969 2775 post
996 2727 1203 2763 victoriam
1228 2723 1336 2763 illam
1362 2726 1537 2763 instituit
1561 2723 1788 2775 Timoleon,
1817 2729 1875 2764 ita
1897 2725 2096 2777 loquitur,
2132 2730 2177 2764 ut
2199 2725 2486 2766 alienissimum
2512 2740 2538 2766 a
2559 2727 2631 2765 vili

327 2788 508 2828 lucrandi
535 2786 755 2841 cupiditate
782 2786 910 2827 fuisse
937 2791 1025 2826 eius
1052 2790 1225 2827 animum
1251 2786 1370 2827 facile
1395 2789 1606 2838 unicuique
1628 2792 1775 2839 pateat.

437 2851 551 2890 Quae
565 2850 810 2890 Plutarchus
826 2849 948 2888 tradit
974 2863 1059 2902 cap.
1078 2851 1133 2891 30
1156 2851 1205 2891 de
1233 2851 1341 2890 mille
1367 2853 1647 2902 mercenariis,
1675 2851 1985 2902 aTimoleonte,
2016 2854 2108 2905 quia
2132 2855 2172 2892 in
2197 2851 2303 2892 bello
2327 2852 2475 2894 Punico
2500 2853 2629 2906 ipsum

368 2987 406 3027 ¹⁶)
427 2985 594 3028 Polyaen.
617 2985 760 3028 Strateg.
783 2986 827 3019 V.
851 2990 901 3027 12,
924 2987 946 3018 ³
969 2986 1221 3028 quinquaginta
1242 2988 1380 3020 milium
1403 2985 1508 3020 ruisse
1531 2987 1613 3021 dicit
1633 2989 1825 3022 exercitum
1848 2987 2191 3031 Carthaginiensium.
