2888 3512
275 647 633 729 Discedere'non
656 682 752 724 licet
773 682 825 724 ab
839 682 1039 736 hocloco,
1069 686 1160 738 quin
1176 687 1288 738 prius
1303 687 1463 739 quaein
1475 683 1691 739 appendice
1704 685 1744 726 X
1756 685 1808 726 ad
1828 683 1969 728 Henr.
1986 685 2018 727 C
2028 685 2065 727 li
2075 690 2158 726 nto
2170 687 2247 725 nis
2273 682 2419 725 Fastos
2434 681 2568 726 Helle-

275 756 387 792 nicos
403 752 516 802 (pag.
531 747 613 788 282
632 760 683 787 ex
697 751 860 799 interpr.
877 747 947 787 lat.
966 748 1009 787 C.
1027 746 1078 787 Η.
1093 747 1195 788 Kru
1205 751 1335 802 geri)
1351 748 1601 788 disseruntur
1624 748 1673 787 de
1694 760 1825 788 rerum
1841 763 1866 789 a
1880 749 2128 790 Timoleonte
2152 751 2194 788 in
2208 747 2350 789 Sicilia
2362 753 2569 802 gestarum

274 812 519 867 temporibus
530 839 543 861 ‚
572 815 614 850 et
628 811 941 851 transcribamus
962 810 1039 850 huc
1059 816 1101 851 et
1119 825 1236 864 quam
1250 824 1347 851 vera
1362 815 1446 851 sint
1464 812 1639 851 breviter
1654 811 1932 864 disquiramus.
1959 812 2167 865 Leguntur
2182 816 2316 851 autem
2331 812 2432 851 hacc
2445 812 2472 851 l.
2489 812 2541 851 l.:

381 882 674 937 „Timoleontis
690 882 891 936 expeditio
916 883 1131 925 secundum
1146 884 1403 926 Plutarchum
1420 883 1624 926 duodecim
1647 890 1761 925 annis
1781 889 1980 938 posterior
2002 885 2079 925 fuit
2101 889 2233 937 priore
2247 885 2434 937 Dionysii
2456 897 2569 925 exac-

275 954 394 990 tione.
448 947 532 986 Res
546 960 572 986 a
585 946 834 986 Timoleonte
849 952 1061 1000 postquam
1078 948 1294 989 advenerat
1312 953 1455 1002 gestas
1470 952 1691 1001 respiciens
1708 948 1924 989 Mitfordus
1940 947 2050 996 (Vol.
2066 946 2132 987 vl.
2151 961 2188 1000 p.
2201 946 2281 988 263
2297 952 2452 998 annot.)
2469 948 2569 987 haec

274 1013 469 1064 disputat:
509 1009 733 1060 Diodorus,
770 1013 919 1062 inquit,
959 1011 1096 1050 ordine
1122 1015 1377 1064 persequitur
1400 1025 1501 1065 quae
1525 1024 1599 1064 per
1635 1011 1735 1050 duas
1768 1016 1949 1051 aestates
1976 1010 2153 1065 duasque
2176 1011 2329 1051 hiemes
2355 1015 2445 1052 acta
2472 1014 2567 1063 sint,

272 1078 483 1131 postquam
510 1072 717 1115 Timoleon
740 1072 976 1127 advenerat,
1019 1076 1149 1129 quoad
1174 1076 1312 1117 urbem
1335 1090 1546 1130 arcemque
1568 1081 1797 1128 occupavit5
1826 1083 1867 1116 et
1890 1077 2145 1116 Plutarchum
2174 1080 2397 1127 vituperat,
2439 1080 2570 1115 omnia

273 1142 559 1191 quinquaginta
586 1138 727 1177 diebus
754 1138 937 1177 confecta
959 1150 1054 1178 esse
1077 1139 1310 1179 tradentem.
1364 1139 1490 1180 Recte
1514 1140 1711 1192 improbat
1732 1139 1935 1179 Plutarchi
1964 1142 2279 1192 „quinquaginta
2303 1137 2433 1177 dies.“
2489 1137 2570 1177 Sed

272 1200 378 1254 quod
398 1200 498 1241 duas
520 1201 674 1240 hiemes
695 1201 814 1251 dicit,
843 1201 982 1241 harum
1008 1215 1057 1241 ne
1074 1206 1291 1255 vestigium
1309 1203 1466 1255 quidem
1483 1203 1588 1255 apud
1599 1202 1816 1242 Diodorum
1840 1207 1986 1242 exstat.
2042 1201 2229 1241 Profecto
2252 1206 2337 1241 tres
2355 1201 2569 1241 archontas

271 1267 441 1304 notavit:
471 1276 636 1315 quorum
660 1266 779 1316 primi
802 1275 904 1303 anno
921 1263 1127 1304 Timoleon
1147 1264 1354 1317 profectus
1377 1270 1463 1317 est,
1492 1266 1653 1306 secundi
1678 1265 1856 1316 advenit,
1886 1269 2006 1304 tertio
2029 1264 2197 1316 denique
2220 1264 2412 1303 archonte
2436 1277 2568 1304 arcem

270 1330 388 1379 cepit.
444 1326 524 1366 Sed
547 1330 731 1379 quoniam
746 1327 957 1366 archontes
973 1327 1105 1367 media
1126 1333 1283 1367 aestate
1301 1331 1579 1381 magistratum
1597 1332 1789 1379 inierunt,
1817 1340 1918 1380 quae
1940 1340 1966 1367 a
1986 1339 2081 1367 vere
2108 1327 2159 1366 ad
2183 1331 2433 1366 auctumnum
2461 1326 2567 1366 dein-

270 1403 367 1443 ceps
382 1394 502 1444 gesta
520 1394 615 1429 sunt
639 1389 689 1429 ab
707 1395 871 1429 auctore
892 1389 1047 1429 duobus
1067 1394 1182 1429 annis
1208 1390 1411 1442 adscripta
1437 1396 1541 1430 sunt.
1593 1392 1751 1430 Pariter
1774 1395 1815 1430 in
1828 1391 2170 1442 Peloponnesiaco
2189 1389 2298 1428 bello
2316 1402 2418 1441 quae
2434 1402 2459 1428 a
2472 1402 2567 1429 vere

270 1453 322 1493 ad
336 1458 587 1493 auctumnum
602 1452 711 1492 facta
725 1457 840 1503 sunt,
868 1452 921 1492 ad
936 1452 1037 1492 duos
1053 1451 1212 1491 Atticos
1228 1464 1354 1491 annos
1368 1456 1579 1505 pertinent.
1634 1453 1741 1493 Idem
1764 1454 1840 1493 hac
1860 1456 2070 1492 occasione
2096 1455 2136 1491 in
2150 1451 2317 1491 Diodori
2343 1456 2569 1491 narratione

271 1519 566 1573 deprehendere
582 1520 702 1563 licetz
735 1514 853 1567 Ἐπ’
880 1514 1159 1580 ἄρχοντος
1179 1515 1490 1573 Εὐβούλου.
1520 1544 1570 1552 -
1608 1517 1847 1573 Τιμολέων
1868 1514 2152 1579 ἐξέπλευσεν
2173 1519 2229 1565 ἐκ
2246 1515 2490 1580 Κορίνθου.
2510 1543 2566 1550 ·-

269 1579 695 1631 καταπλεύσαντος
718 1573 767 1630 δὲ
794 1585 874 1629 τοῦ
889 1580 1058 1629 στόλου
1082 1582 1147 1629 εἰς
1168 1579 1224 1629 *ro*
1244 1579 1579 1631 Μεταπόντιον
1616 1607 1665 1615 -
1709 1578 1992 1643 ἐξέπλευσεν
2015 1579 2194 1630 εὐθέως
2215 1583 2271 1628 ἐκ
2299 1585 2380 1628 τοῦ
2396 1584 2569 1630 Μετα-

269 1644 466 1695 ποντίου.
502 1670 560 1679 -
597 1636 722 1693 οὗτος
755 1644 840 1703 μὲν
879 1635 953 1693 οὖν
987 1643 1121 1693 κατοί
1160 1640 1355 1702 σπουδήν
1389 1645 1543 1693 ἐτέλει
1576 1644 1656 1693 τδν
1693 1646 1756 1693 εἰς
1782 1647 1955 1704 Ρήγιον
1985 1648 2136 1693 πλοῦν
2161 1669 2218 1675 -
2252 1643 2335 1690 καί
2371 1643 2566 1706 καθωρ-

269 1708 418 1769 μίσθη
435 1707 630 1767 πλησίον
656 1712 738 1766 τῆς
757 1706 954 1760 πόλεως.
986 1705 1510 1757 ἑπικαταπλευσοέντων
1531 1702 1577 1757 δὲ
1597 1712 1689 1755 τῶν
1700 1703 2022 1771 Καρχηδονίων
2044 1733 2101 1742 -—
2123 1705 2286 1755 ἔλαθε
2306 1701 2490 1770 διαδράς
2507 1734 2559 1742 -

269 1772 350 1823 καὶ
371 1773 557 1832 ταχέως
575 1768 925 1833 ἑξέπλευσεν-
943 1772 1005 1821 εἰς
1025 1771 1079 1819 τὸ
1099 1771 1408 1835 Ταυρομένιον.
1424 1798 1482 1806 —
1507 1767 1764 1832 α’ναζεύξας
1785 1766 1833 1822 δὲ
1849 1775 1905 1821 ἐκ
1926 1776 2005 1820 τοῦ
2018 1769 2315 1833 Ταυρομενίου
2341 1796 2397 1805 --
2421 1767 2566 1818 α’νελ-

269 1837 442 1885 πίστως
471 1835 683 1885 ἐπέθετο
711 1839 803 1885 τοῖς
831 1834 937 1898 περὶ
963 1835 1043 1883 τὸν
1065 1834 1245 1884 Ἱκέταν
1280 1861 1337 1870 —-
1371 1835 1454 1884 καὶ
1472 1839 1553 1892 τῆς
1579 1834 1884 1898 παρεμβολῆς
1910 1833 2148 1898 ἐκράτησε.
2183 1860 2240 1867 -
2275 1838 2566 1898 παραχρῆμα

269 1895 317 1950 δὲ
339 1897 422 1949 ἑπῖ
440 1899 530 1949 τοίς
545 1896 838 1962 Συρακούσας
856 1897 1141 1963 α’φώρμησεν.
1165 1926 1217 1933 -
1242 1896 1298 1949 Ἐ
1311 1896 1364 1948 π’
1395 1896 1429 1946 οἵ
1434 1918 1460 1961 ρ
1467 1917 1536 1957 χο
1551 1918 1575 1946 ν
1587 1916 1648 1946 το
1661 1917 1683 1946 ς
1701 1901 1826 1948 Λυκ
1839 1899 1857 1946 ί
1865 1918 1887 1947 ς
1899 1918 1929 1946 κ
1944 1918 1962 1944 ο
1974 1919 1998 1945 υ
2019 1925 2075 1931 -
2097 1897 2337 1956 Τιμολέων
2354 1898 2442 1955 μὲν
2460 1896 2567 1946 'Av-

269 1958 486 2026 δρανίτας
507 1962 590 2011 καῖ
605 1958 886 2025 Τυνδαρίτας
906 1963 970 2010 εἰς
990 1961 1256 2021 συμμαχίαν
1274 1960 1649 2026 προςλαβόμενος
1670 1960 1956 2025 στρατιώτας
1975 1958 2054 2010 ουίι
2080 1958 2260 2021 ὀλίγους
2279 1976 2378 2024 παρ
2400 1956 2565 2009 ἀὐτῶν

269 2025 563 2090 παρέλαβεν.
593 2022 675 2077 Ἐν
696 2020 742 2075 δὲ
759 2029 861 2075 ταῖς
877 2025 1185 2089 Συρακούσαις
1202 2025 1367 2084 πολλοὶ
1386 2025 1572 2089 ταραχοῗ
1590 2029 1790 2085 κατεῖχε
1806 2025 1892 2084 τὴν
1910 2023 2052 2074 πόλιν
2071 2045 2113 2075 κ.
2133 2043 2177 2075 τ.
2193 2027 2242 2074 λ.
2305 2031 2383 2071 Hic
2395 2031 2564 2072 hiemem

271 2096 554 2150 discernimus,
583 2111 685 2153 quae
699 2097 859 2153 Lycisci
877 2099 1080 2139 archontis
1101 2097 1179 2139 fuit
1195 2098 1287 2152 343.
1343 2097 1424 2139 Sed
1443 2098 1612 2138 alteram
1636 2097 1828 2151 indagare
1847 2112 1926 2138 non
1946 2110 2172 2150 possumus.
2228 2096 2343 2136 auae
2358 2095 2564 2154 Timoleon

271 2165 403 2214 gessit
423 2163 473 2201 ad
486 2175 557 2201 ver
572 2165 792 2214 proximum
805 2165 1080 2214 pertinuerunt
1096 2161 1230 2211 (343),
1256 2165 1458 2201 etiamtum
1473 2161 1644 2214 Lycisco
1668 2161 1870 2201 archonte.
1911 2161 2079 2201 Aestate
2098 2160 2316 2212 Dionysius
2334 2158 2564 2199 Corinthun

272 2223 469 2274 decessit,
497 2224 602 2275 quod
616 2228 790 2277 scriptor
802 2225 1017 2278 Pythodoti
1032 2225 1234 2264 archontis
1251 2238 1352 2264 anno
1374 2225 1521 2264 factum
1543 2229 1692 2263 narrat.
1746 2224 1785 2265 A
1798 2225 2043 2276 profectione
2061 2223 2320 2262 Timoleontis
2346 2233 2422 2259 non
2437 2221 2565 2260 multo

271 2285 443 2337 amplius
469 2288 585 2337 quam
612 2299 756 2327 annum
781 2291 1043 2341 praeteriisse
1069 2287 1276 2340 probabile
1302 2292 1383 2327 est:
1418 2287 1469 2328 ab
1496 2291 1676 2328 extremo
1697 2286 1843 2328 Eubuli
1872 2300 2010 2328 mense
2037 2286 2168 2335 (Maio
2182 2284 2282 2333 344)
2313 2282 2365 2324 ad
2394 2287 2565 2336 primum

270 2362 447 2389 mensem
469 2347 684 2401 Pythodoti
709 2350 814 2398 (Jnl.
830 2351 945 2401 343).
998 2351 1063 2392 De
1088 2357 1175 2392 toto
1200 2357 1378 2404 tempore
1400 2364 1478 2404 quo
1498 2350 1709 2391 Timoleon
1731 2353 1773 2390 in
1795 2351 1937 2392 Sicilia
1960 2350 2102 2400 fuerit,
2129 2347 2331 2389 Diodorus
2358 2359 2451 2388 cum
2473 2347 2564 2388 Plu.

272 2413 409 2454 tarcho
424 2414 634 2452 consentit.
687 2411 901 2467 Phrynichi
932 2429 1055 2466 anno,
1084 2416 1166 2456 33⁸7
1181 2420 1373 2464 exeunte,
1399 2419 1582 2455 mortuus
1614 2418 1718 2454 satis
1749 2420 1933 2454 accurate
1963 2427 2069 2465 „non
2095 2415 2265 2465 integris
2294 2415 2388 2450 octo
2420 2412 2563 2450 annis“

272 2481 482 2529 postquam
505 2478 546 2514 in
574 2474 754 2515 Siciliam
776 2474 953 2529 venerit,
992 2478 1154 2532 Lycisci
1178 2492 1294 2530 anno,
1320 2477 1413 2529 3⁴4,
1438 2477 1672 2519 decessisse
1695 2477 1773 2519 dici
1795 2478 1960 2519 videtur.
2014 2476 2171 2517 Revera
2195 2479 2353 2528 septem
2374 2487 2500 2516 annos
2522 2479 2562 2513 et

272 2552 346 2580 sex
370 2550 531 2580 menses
557 2538 789 2580 interfuisse
817 2543 1053 2583 statuefisf‘

378 2602 454 2642 His
474 2602 656 2655 equidem
671 2615 748 2641 non
763 2603 814 2642 ab
830 2609 935 2644 omni
950 2610 1064 2657 parte
1085 2610 1300 2646 assentior.
1351 2604 1526 2644 Primum
1542 2608 1648 2645 enim
1662 2597 1859 2646 immerito
1875 2603 2112 2645 Plutarchus
2128 2606 2375 2656 vituperatur
2397 2605 2562 2654 propter

274 2668 588 2720 „qninquaginta
613 2665 744 2706 dies.“
797 2665 902 2708 Nam
919 2682 1037 2722 quum
1051 2670 1254 2711 Diodorus
1279 2668 1430 2710 referat
1452 2673 1547 2720 post
1571 2669 1672 2709 duas
1687 2669 1855 2709 Hicetas
1880 2668 2017 2707 clades
2039 2671 2241 2718 totiusque
2267 2666 2375 2705 urbis
2391 2663 2562 2716 Syracu-

274 2741 396 2769 sanae
416 2733 747 2783 expugnationem
773 2729 932 2771 tandem
947 2744 973 2771 a
985 2731 1180 2787 Dionysio
1206 2732 1407 2786 acropolin
1431 2730 1618 2773 traditam
1637 2744 1733 2773 esse
1749 2731 2010 2782 Timoleonti,
2035 2744 2087 2772 ea
2108 2732 2239 2770 omnia
2262 2730 2298 2767 si
2319 2726 2562 2774 Plutarchus

274 2793 516 2840 affirmasset
538 2796 643 2833 intra
663 2799 745 2833 tam
768 2794 889 2833 breve
910 2800 1103 2849 temporis
1125 2801 1299 2852 spatium
1324 2799 1525 2835 transacta
1546 2807 1662 2845 esse,
1691 2807 1807 2835 nemo
1822 2794 1933 2846 illud,
1949 2799 2063 2848 puto,
2091 2804 2224 2833 verum
2246 2802 2346 2831 esse
2367 2790 2562 2843 crederet.

274 2856 329 2898 At
351 2856 474 2911 louge
499 2854 621 2897 alium
640 2856 879 2898 Plutarchus
902 2864 1087 2900 statuens
1111 2874 1243 2902 rernm
1271 2860 1467 2908 ordinem,
1501 2863 1713 2909 postquam
1738 2862 1871 2910 priore
1891 2870 2026 2910 pugna
2051 2855 2101 2893 ad
2121 2854 2326 2893 Adranam
2350 2859 2563 2907 superatus

274 2924 387 2961 esset
406 2918 583 2969 Hicetas,
601 2922 713 2970 prius
738 2932 855 2973 quam
872 2924 1021 2963 iterum
1045 2922 1118 2964 ille
1129 2926 1355 2965 vinceretur
1376 2935 1424 2963 ac
1444 2925 1529 2962 tota
1544 2919 1831 2973 Syracusarum
1857 2921 1953 2961 urbs
1975 2922 2271 2972 expugnaretur
2292 2932 2319 2958 a
2334 2917 2561 2967 Corinthiis,
