<?xml version="1.0" encoding="UTF-8"?>
<!DOCTYPE html PUBLIC "-//W3C//DTD XHTML 1.0 Transitional//EN"
    "http://www.w3.org/TR/xhtml1/DTD/xhtml1-transitional.dtd">
<html xmlns="http://www.w3.org/1999/xhtml" xml:lang="en" lang="en">
 <head>
  <title>
</title>
<meta http-equiv="Content-Type" content="text/html;charset=utf-8" />
  <meta name='ocr-system' content='tesseract 3.04.00' />
  <meta name='ocr-capabilities' content='ocr_page ocr_carea ocr_par ocr_line ocrx_word'/>
</head>
<body>
  <div class='ocr_page' id='page_1' title='image "./4768920_0020.png"; bbox 0 0 2888 3491; ppageno 0'>
   <div class='ocr_carea' id='block_1_1' title="bbox 1385 251 1647 293">
    <p class='ocr_par' dir='ltr' id='par_1_1' title="bbox 1385 251 1647 293">
     <span class='ocr_line' id='line_1_1' title="bbox 1385 251 1647 293; baseline -0.008 -10"><span class='ocrx_word' id='word_1_1' title='bbox 1385 251 1647 293; x_wconf 63' lang='lat'><strong>„12-</strong></span> 
     </span>
    </p>
   </div>
   <div class='ocr_carea' id='block_1_2' title="bbox 357 378 2655 564">
    <p class='ocr_par' dir='ltr' id='par_1_2' title="bbox 357 378 2655 564">
     <span class='ocr_line' id='line_1_2' title="bbox 357 378 2655 436; baseline -0.003 -10"><span class='ocrx_word' id='word_1_2' title='bbox 357 386 571 426; x_wconf 83' lang='lat' dir='ltr'><strong>comitibus</strong></span> <span class='ocrx_word' id='word_1_3' title='bbox 595 382 836 436; x_wconf 81' lang='lat' dir='ltr'><strong>patefactum</strong></span> <span class='ocrx_word' id='word_1_4' title='bbox 860 380 987 421; x_wconf 74' lang='lat' dir='ltr'><strong>esse?</strong></span> <span class='ocrx_word' id='word_1_5' title='bbox 1024 379 1168 421; x_wconf 81' lang='lat' dir='ltr'><strong>Nonne</strong></span> <span class='ocrx_word' id='word_1_6' title='bbox 1191 379 1318 421; x_wconf 87' lang='lat' dir='ltr'><strong>multo</strong></span> <span class='ocrx_word' id='word_1_7' title='bbox 1343 383 1417 420; x_wconf 86' lang='lat' dir='ltr'><strong>est·</strong></span> <span class='ocrx_word' id='word_1_8' title='bbox 1432 378 1687 431; x_wconf 86' lang='lat' dir='ltr'><strong>credibilius,</strong></span> <span class='ocrx_word' id='word_1_9' title='bbox 1725 380 1941 432; x_wconf 81' lang='lat' dir='ltr'><strong>propterea</strong></span> <span class='ocrx_word' id='word_1_10' title='bbox 1959 379 2247 423; x_wconf 69' lang='lat' dir='ltr'><strong>Timoleonteum</strong></span> <span class='ocrx_word' id='word_1_11' title='bbox 2273 381 2420 422; x_wconf 85' lang='lat' dir='ltr'><strong>secnm&#39;</strong></span> <span class='ocrx_word' id='word_1_12' title='bbox 2435 378 2655 421; x_wconf 63' lang='lat' dir='ltr'><strong>vadduxiue</strong></span> 
     </span>
     <span class='ocr_line' id='line_1_3' title="bbox 357 443 2653 500; baseline -0.002 -12"><span class='ocrx_word' id='word_1_13' title='bbox 357 449 598 500; x_wconf 86' lang='lat' dir='ltr'><strong>Aeschylum</strong></span> <span class='ocrx_word' id='word_1_14' title='bbox 619 451 740 498; x_wconf 85' lang='lat' dir='ltr'><strong>atque</strong></span> <span class='ocrx_word' id='word_1_15' title='bbox 759 446 1027 497; x_wconf 83' lang='lat' dir='ltr'><strong>Orthagoram</strong></span> <span class='ocrx_word' id='word_1_16' title='bbox 1052 448 1139 484; x_wconf 88' lang='lat' dir='ltr'><strong>sive</strong></span> <span class='ocrx_word' id='word_1_17' title='bbox 1158 444 1367 498; x_wconf 78' lang='lat' dir='ltr'><strong>Satyrum,</strong></span> <span class='ocrx_word' id='word_1_18' title='bbox 1394 448 1439 483; x_wconf 89' lang='lat' dir='ltr'><strong>ut</strong></span> <span class='ocrx_word' id='word_1_19' title='bbox 1462 444 1650 494; x_wconf 85' lang='lat' dir='ltr'><strong>haberet,</strong></span> <span class='ocrx_word' id='word_1_20' title='bbox 1679 446 1747 496; x_wconf 90' lang='lat' dir='ltr'><strong>qui</strong></span> <span class='ocrx_word' id='word_1_21' title='bbox 1766 449 1809 482; x_wconf 91' lang='lat' dir='ltr'><strong>et</strong></span> <span class='ocrx_word' id='word_1_22' title='bbox 1833 447 1873 483; x_wconf 92' lang='lat' dir='ltr'><strong>in</strong></span> <span class='ocrx_word' id='word_1_23' title='bbox 1898 444 2140 485; x_wconf 74' lang='lat' dir='ltr'><strong>cohortando</strong></span> <span class='ocrx_word' id='word_1_24' title='bbox 2168 443 2296 483; x_wconf 82' lang='lat' dir='ltr'><strong>fratre</strong></span> <span class='ocrx_word' id='word_1_25' title='bbox 2326 455 2374 484; x_wconf 87' lang='lat' dir='ltr'><strong>se</strong></span> <span class='ocrx_word' id='word_1_26' title='bbox 2395 446 2577 484; x_wconf 76' lang='lat' dir='ltr'><strong>iuvarent</strong></span> <span class='ocrx_word' id='word_1_27' title='bbox 2599 446 2653 492; x_wconf 85' lang='lat' dir='ltr'><strong>et,</strong></span> 
     </span>
     <span class='ocr_line' id='line_1_4' title="bbox 359 507 2337 564; baseline -0.003 -12"><span class='ocrx_word' id='word_1_28' title='bbox 359 515 395 552; x_wconf 87' lang='lat' dir='ltr'><strong>si</strong></span> <span class='ocrx_word' id='word_1_29' title='bbox 413 510 597 564; x_wconf 88' lang='lat' dir='ltr'><strong>precibus</strong></span> <span class='ocrx_word' id='word_1_30' title='bbox 616 509 673 549; x_wconf 91' lang='lat' dir='ltr'><strong>nil</strong></span> <span class='ocrx_word' id='word_1_31' title='bbox 692 508 952 562; x_wconf 79' lang='lat' dir='ltr'><strong>proficerent,</strong></span> <span class='ocrx_word' id='word_1_32' title='bbox 980 507 1138 549; x_wconf 77' lang='lat' dir='ltr'><strong>facinus</strong></span> <span class='ocrx_word' id='word_1_33' title='bbox 1157 512 1453 563; x_wconf 79' lang='lat' dir='ltr'><strong>perpetrarent,</strong></span> <span class='ocrx_word' id='word_1_34' title='bbox 1483 520 1561 561; x_wconf 91' lang='lat' dir='ltr'><strong>quo</strong></span> <span class='ocrx_word' id='word_1_35' title='bbox 1582 518 1680 547; x_wconf 86' lang='lat' dir='ltr'><strong>suas</strong></span> <span class='ocrx_word' id='word_1_36' title='bbox 1696 509 1785 560; x_wconf 84' lang='lat' dir='ltr'><strong>ipse</strong></span> <span class='ocrx_word' id='word_1_37' title='bbox 1803 507 1929 548; x_wconf 90' lang='lat' dir='ltr'><strong>nollet</strong></span> <span class='ocrx_word' id='word_1_38' title='bbox 1946 512 2146 550; x_wconf 84' lang='lat' dir='ltr'><strong>cruentari</strong></span> <span class='ocrx_word' id='word_1_39' title='bbox 2162 507 2337 549; x_wconf 72' lang='lat' dir='ltr'><strong>manus?</strong></span> 
     </span>
    </p>
   </div>
   <div class='ocr_carea' id='block_1_3' title="bbox 343 589 2654 1472">
    <p class='ocr_par' dir='ltr' id='par_1_3' title="bbox 343 589 2654 1472">
     <span class='ocr_line' id='line_1_5' title="bbox 459 589 2653 648; baseline -0.002 -13"><span class='ocrx_word' id='word_1_40' title='bbox 459 594 675 648; x_wconf 75' lang='lat' dir='ltr'>Syracusis</span> <span class='ocrx_word' id='word_1_41' title='bbox 701 607 819 648; x_wconf 90' lang='lat' dir='ltr'><strong>quum</strong></span> <span class='ocrx_word' id='word_1_42' title='bbox 843 605 984 636; x_wconf 90' lang='lat' dir='ltr'><strong>rursus</strong></span> <span class='ocrx_word' id='word_1_43' title='bbox 1013 595 1168 647; x_wconf 91' lang='lat' dir='ltr'><strong>potitus</strong></span> <span class='ocrx_word' id='word_1_44' title='bbox 1193 598 1307 635; x_wconf 84' lang='lat' dir='ltr'><strong>esset</strong></span> <span class='ocrx_word' id='word_1_45' title='bbox 1330 592 1571 646; x_wconf 88' lang='lat' dir='ltr'><strong>Dionysius,</strong></span> <span class='ocrx_word' id='word_1_46' title='bbox 1608 593 1752 633; x_wconf 86' lang='lat' dir='ltr'><strong>civium</strong></span> <span class='ocrx_word' id='word_1_47' title='bbox 1782 590 1853 632; x_wconf 88' lang='lat' dir='ltr'><strong>alii</strong></span> <span class='ocrx_word' id='word_1_48' title='bbox 1879 590 1930 633; x_wconf 86' lang='lat' dir='ltr'><strong>ad</strong></span> <span class='ocrx_word' id='word_1_49' title='bbox 1955 591 2138 634; x_wconf 81' lang='lat' dir='ltr'><strong>Hicetam</strong></span> <span class='ocrx_word' id='word_1_50' title='bbox 2163 592 2425 647; x_wconf 83' lang='lat' dir='ltr'><strong>confugerunt</strong></span> <span class='ocrx_word' id='word_1_51' title='bbox 2445 589 2653 632; x_wconf 76' lang='lat' dir='ltr'><strong>Leontinis</strong></span> 
     </span>
     <span class='ocr_line' id='line_1_6' title="bbox 353 645 2654 710; baseline -0.002 -13"><span class='ocrx_word' id='word_1_52' title='bbox 353 666 436 697; x_wconf 86' lang='lat' dir='ltr'><strong>tum</strong></span> <span class='ocrx_word' id='word_1_53' title='bbox 453 658 739 707; x_wconf 80' lang='lat' dir='ltr'><strong>dominantem,</strong></span> <span class='ocrx_word' id='word_1_54' title='bbox 769 658 837 695; x_wconf 89' lang='lat' dir='ltr'><strong>alii</strong></span> <span class='ocrx_word' id='word_1_55' title='bbox 863 661 903 695; x_wconf 91' lang='lat' dir='ltr'><strong>in</strong></span> <span class='ocrx_word' id='word_1_56' title='bbox 929 658 1026 695; x_wconf 92' lang='lat' dir='ltr'><strong>urbe</strong></span> <span class='ocrx_word' id='word_1_57' title='bbox 1055 663 1309 696; x_wconf 81' lang='lat' dir='ltr'><strong>remanentes</strong></span> <span class='ocrx_word' id='word_1_58' title='bbox 1330 659 1441 695; x_wconf 88' lang='lat' dir='ltr'><strong>inviti</strong></span> <span class='ocrx_word' id='word_1_59' title='bbox 1462 660 1677 708; x_wconf 89' lang='lat' dir='ltr'><strong>paruerunt</strong></span> <span class='ocrx_word' id='word_1_60' title='bbox 1702 660 1883 709; x_wconf 80' lang='lat' dir='ltr'><strong>tyranno.</strong></span> <span class='ocrx_word' id='word_1_61' title='bbox 1937 655 2092 696; x_wconf 84' lang='lat' dir='ltr'><strong>Deinde</strong></span> <span class='ocrx_word' id='word_1_62' title='bbox 2110 669 2229 710; x_wconf 87' lang='lat' dir='ltr'><strong>quum</strong></span> <span class='ocrx_word' id='word_1_63' title='bbox 2259 656 2410 697; x_wconf 87' lang='lat' dir='ltr'><strong>duobus</strong></span> <span class='ocrx_word' id='word_1_64' title='bbox 2428 645 2542 695; x_wconf 69' lang='lat' dir='ltr'><strong>annis</strong></span> <span class='ocrx_word' id='word_1_65' title='bbox 2561 659 2654 706; x_wconf 88' lang='lat' dir='ltr'><strong>post</strong></span> 
     </span>
     <span class='ocr_line' id='line_1_7' title="bbox 353 717 2651 774; baseline -0.003 -12"><span class='ocrx_word' id='word_1_66' title='bbox 353 722 707 774; x_wconf 80' lang='lat' dir='ltr'><strong>Carthaginienses</strong></span> <span class='ocrx_word' id='word_1_67' title='bbox 732 726 918 772; x_wconf 91' lang='lat' dir='ltr'><strong>pararent</strong></span> <span class='ocrx_word' id='word_1_68' title='bbox 934 720 1085 760; x_wconf 74' lang='lat' dir='ltr'><strong>Bellum</strong></span> <span class='ocrx_word' id='word_1_69' title='bbox 1113 734 1201 761; x_wconf 91' lang='lat' dir='ltr'><strong>eam</strong></span> <span class='ocrx_word' id='word_1_70' title='bbox 1221 720 1374 760; x_wconf 88' lang='lat' dir='ltr'><strong>insulae</strong></span> <span class='ocrx_word' id='word_1_71' title='bbox 1393 725 1568 772; x_wconf 89' lang='lat' dir='ltr'><strong>partem,</strong></span> <span class='ocrx_word' id='word_1_72' title='bbox 1608 732 1724 770; x_wconf 89' lang='lat' dir='ltr'><strong>quam</strong></span> <span class='ocrx_word' id='word_1_73' title='bbox 1747 717 1916 758; x_wconf 90' lang='lat' dir='ltr'><strong>nondum</strong></span> <span class='ocrx_word' id='word_1_74' title='bbox 1937 732 2173 771; x_wconf 78' lang='lat' dir='ltr'><strong>oppressam</strong></span> <span class='ocrx_word' id='word_1_75' title='bbox 2198 720 2408 770; x_wconf 89' lang='lat' dir='ltr'><strong>tenebant,</strong></span> <span class='ocrx_word' id='word_1_76' title='bbox 2435 719 2651 767; x_wconf 83' lang='lat' dir='ltr'><strong>subacturi,</strong></span> 
     </span>
     <span class='ocr_line' id='line_1_8' title="bbox 353 779 2650 839; baseline -0.002 -14"><span class='ocrx_word' id='word_1_77' title='bbox 353 784 595 838; x_wconf 86' lang='lat' dir='ltr'><strong>Syracusani</strong></span> <span class='ocrx_word' id='word_1_78' title='bbox 623 784 782 839; x_wconf 89' lang='lat' dir='ltr'><strong>legatos</strong></span> <span class='ocrx_word' id='word_1_79' title='bbox 810 787 1026 836; x_wconf 85' lang='lat' dir='ltr'><strong>miserunt,</strong></span> <span class='ocrx_word' id='word_1_80' title='bbox 1077 788 1144 839; x_wconf 89' lang='lat' dir='ltr'><strong>qui</strong></span> <span class='ocrx_word' id='word_1_81' title='bbox 1171 797 1197 826; x_wconf 88' lang='lat' dir='ltr'><strong>a</strong></span> <span class='ocrx_word' id='word_1_82' title='bbox 1223 784 1438 826; x_wconf 90' lang='lat' dir='ltr'><strong>Corinthiis</strong></span> <span class='ocrx_word' id='word_1_83' title='bbox 1465 787 1646 836; x_wconf 90' lang='lat' dir='ltr'><strong>peterent</strong></span> <span class='ocrx_word' id='word_1_84' title='bbox 1673 781 1875 823; x_wconf 82' lang='lat' dir='ltr'><strong>auxillum.</strong></span> <span class='ocrx_word' id='word_1_85' title='bbox 1930 781 1994 824; x_wconf 89' lang='lat' dir='ltr'><strong>De</strong></span> <span class='ocrx_word' id='word_1_86' title='bbox 2013 783 2078 823; x_wconf 90' lang='lat' dir='ltr'><strong>his</strong></span> <span class='ocrx_word' id='word_1_87' title='bbox 2102 786 2228 837; x_wconf 83' lang='lat' dir='ltr'><strong>igitur</strong></span> <span class='ocrx_word' id='word_1_88' title='bbox 2254 787 2314 825; x_wconf 90' lang='lat' dir='ltr'><strong>sic</strong></span> <span class='ocrx_word' id='word_1_89' title='bbox 2336 786 2495 836; x_wconf 89' lang='lat' dir='ltr'><strong>exponit</strong></span> <span class='ocrx_word' id='word_1_90' title='bbox 2522 779 2650 822; x_wconf 86' lang='lat' dir='ltr'><strong>Schl.:</strong></span> 
     </span>
     <span class='ocr_line' id='line_1_9' title="bbox 351 843 2651 902; baseline -0.001 -16"><span class='ocrx_word' id='word_1_91' title='bbox 351 849 480 898; x_wconf 88' lang='lat' dir='ltr'><strong>„Dies</strong></span> <span class='ocrx_word' id='word_1_92' title='bbox 498 850 642 900; x_wconf 85' lang='lat' dir='ltr'><strong>bewog</strong></span> <span class='ocrx_word' id='word_1_93' title='bbox 662 848 820 886; x_wconf 87' lang='lat' dir='ltr'><strong>endlich</strong></span> <span class='ocrx_word' id='word_1_94' title='bbox 841 848 904 886; x_wconf 89' lang='lat' dir='ltr'><strong>die</strong></span> <span class='ocrx_word' id='word_1_95' title='bbox 923 851 1109 901; x_wconf 86' lang='lat' dir='ltr'><strong>wenigen</strong></span> <span class='ocrx_word' id='word_1_96' title='bbox 1139 852 1179 888; x_wconf 91' lang='lat' dir='ltr'><strong>in</strong></span> <span class='ocrx_word' id='word_1_97' title='bbox 1205 848 1276 888; x_wconf 88' lang='lat' dir='ltr'><strong>der</strong></span> <span class='ocrx_word' id='word_1_98' title='bbox 1293 847 1408 888; x_wconf 90' lang='lat' dir='ltr'><strong>Stadt</strong></span> <span class='ocrx_word' id='word_1_99' title='bbox 1433 845 1844 899; x_wconf 75' lang='lat' dir='ltr'><strong>zuriickgebliebenen</strong></span> <span class='ocrx_word' id='word_1_100' title='bbox 1866 845 2146 900; x_wconf 87' lang='lat' dir='ltr'><strong>angesehenen</strong></span> <span class='ocrx_word' id='word_1_101' title='bbox 2166 846 2322 902; x_wconf 85' lang='lat' dir='ltr'><strong>Biirger</strong></span> <span class='ocrx_word' id='word_1_102' title='bbox 2334 847 2391 899; x_wconf 59' lang='lat'><strong>²²),</strong></span> <span class='ocrx_word' id='word_1_103' title='bbox 2428 849 2468 886; x_wconf 90' lang='lat' dir='ltr'><strong>in</strong></span> <span class='ocrx_word' id='word_1_104' title='bbox 2487 843 2651 885; x_wconf 87' lang='lat' dir='ltr'><strong>Verbin-</strong></span> 
     </span>
     <span class='ocr_line' id='line_1_10' title="bbox 350 908 2649 963; baseline -0.001 -14"><span class='ocrx_word' id='word_1_105' title='bbox 350 911 457 962; x_wconf 80' lang='lat' dir='ltr'><strong>dung</strong></span> <span class='ocrx_word' id='word_1_106' title='bbox 472 915 543 950; x_wconf 89' lang='lat' dir='ltr'><strong>mit</strong></span> <span class='ocrx_word' id='word_1_107' title='bbox 560 911 708 950; x_wconf 88' lang='lat' dir='ltr'><strong>andern</strong></span> <span class='ocrx_word' id='word_1_108' title='bbox 728 910 934 961; x_wconf 89' lang='lat' dir='ltr'><strong>Siciliern,</strong></span> <span class='ocrx_word' id='word_1_109' title='bbox 973 925 1023 950; x_wconf 89' lang='lat' dir='ltr'><strong>an</strong></span> <span class='ocrx_word' id='word_1_110' title='bbox 1043 911 1199 952; x_wconf 88' lang='lat' dir='ltr'><strong>welche</strong></span> <span class='ocrx_word' id='word_1_111' title='bbox 1225 912 1310 951; x_wconf 89' lang='lat' dir='ltr'><strong>sich</strong></span> <span class='ocrx_word' id='word_1_112' title='bbox 1336 910 1505 963; x_wconf 87' lang='lat' dir='ltr'><strong>anfangs</strong></span> <span class='ocrx_word' id='word_1_113' title='bbox 1530 923 1653 963; x_wconf 86' lang='lat' dir='ltr'><strong>sogar</strong></span> <span class='ocrx_word' id='word_1_114' title='bbox 1669 908 1804 949; x_wconf 86' lang='lat' dir='ltr'><strong>Iketas</strong></span> <span class='ocrx_word' id='word_1_115' title='bbox 1831 908 2110 949; x_wconf 88' lang='lat' dir='ltr'><strong>heuchlerisch</strong></span> <span class='ocrx_word' id='word_1_116' title='bbox 2127 910 2339 950; x_wconf 88' lang='lat' dir='ltr'><strong>ansehloss</strong></span> <span class='ocrx_word' id='word_1_117' title='bbox 2350 940 2362 962; x_wconf 89' lang='lat'><strong>,</strong></span> <span class='ocrx_word' id='word_1_118' title='bbox 2391 922 2465 950; x_wconf 89' lang='lat' dir='ltr'><strong>aus</strong></span> <span class='ocrx_word' id='word_1_119' title='bbox 2481 908 2649 948; x_wconf 89' lang='lat' dir='ltr'><strong>Korinth</strong></span> 
     </span>
     <span class='ocr_line' id='line_1_11' title="bbox 348 963 2649 1027; baseline -0.001 -14"><span class='ocrx_word' id='word_1_120' title='bbox 348 978 462 1014; x_wconf 87' lang='lat' dir='ltr'><strong>einen</strong></span> <span class='ocrx_word' id='word_1_121' title='bbox 480 973 814 1014; x_wconf 87' lang='lat' dir='ltr'><strong>Friedensstifter</strong></span> <span class='ocrx_word' id='word_1_122' title='bbox 838 988 889 1014; x_wconf 91' lang='lat' dir='ltr'><strong>zu</strong></span> <span class='ocrx_word' id='word_1_123' title='bbox 914 974 1106 1027; x_wconf 87' lang='lat' dir='ltr'><strong>erbitten,</strong></span> <span class='ocrx_word' id='word_1_124' title='bbox 1148 974 1222 1016; x_wconf 92' lang='lat' dir='ltr'><strong>den</strong></span> <span class='ocrx_word' id='word_1_125' title='bbox 1247 974 1348 1016; x_wconf 93' lang='lat' dir='ltr'><strong>auch</strong></span> <span class='ocrx_word' id='word_1_126' title='bbox 1378 974 1448 1015; x_wconf 90' lang='lat' dir='ltr'><strong>der</strong></span> <span class='ocrx_word' id='word_1_127' title='bbox 1470 973 1652 1027; x_wconf 83' lang='lat' dir='ltr'><strong>Tyrann,</strong></span> <span class='ocrx_word' id='word_1_128' title='bbox 1682 972 1783 1013; x_wconf 91' lang='lat' dir='ltr'><strong>ohne</strong></span> <span class='ocrx_word' id='word_1_129' title='bbox 1807 972 1895 1013; x_wconf 88' lang='lat' dir='ltr'><strong>sich</strong></span> <span class='ocrx_word' id='word_1_130' title='bbox 1922 971 1986 1013; x_wconf 91' lang='lat' dir='ltr'><strong>die</strong></span> <span class='ocrx_word' id='word_1_131' title='bbox 2010 970 2328 1027; x_wconf 78' lang='lat' dir='ltr'><strong>Feindseligkeit</strong></span> <span class='ocrx_word' id='word_1_132' title='bbox 2346 973 2417 1014; x_wconf 92' lang='lat' dir='ltr'><strong>der</strong></span> <span class='ocrx_word' id='word_1_133' title='bbox 2435 963 2649 1014; x_wconf 84' lang='lat' dir='ltr'><strong>Korinther</strong></span> 
     </span>
     <span class='ocr_line' id='line_1_12' title="bbox 347 1035 2647 1095; baseline -0.001 -19"><span class='ocrx_word' id='word_1_134' title='bbox 347 1038 425 1077; x_wconf 84' lang='lat' dir='ltr'><strong>und</strong></span> <span class='ocrx_word' id='word_1_135' title='bbox 443 1038 664 1090; x_wconf 84' lang='lat' dir='ltr'><strong>Spartaner</strong></span> <span class='ocrx_word' id='word_1_136' title='bbox 689 1040 955 1089; x_wconf 89' lang='lat' dir='ltr'><strong>zuzuziehen,</strong></span> <span class='ocrx_word' id='word_1_137' title='bbox 984 1041 1093 1078; x_wconf 89' lang='lat' dir='ltr'><strong>nicht</strong></span> <span class='ocrx_word' id='word_1_138' title='bbox 1120 1040 1229 1079; x_wconf 88' lang='lat' dir='ltr'><strong>wohl</strong></span> <span class='ocrx_word' id='word_1_139' title='bbox 1258 1039 1543 1079; x_wconf 76' lang='lat' dir='ltr'><strong>verschmiihen</strong></span> <span class='ocrx_word' id='word_1_140' title='bbox 1574 1037 1747 1077; x_wconf 88' lang='lat' dir='ltr'><strong>durfte.“</strong></span> <span class='ocrx_word' id='word_1_141' title='bbox 1800 1035 1911 1076; x_wconf 82' lang='lat' dir='ltr'><strong>Haec</strong></span> <span class='ocrx_word' id='word_1_142' title='bbox 1936 1039 1972 1076; x_wconf 91' lang='lat' dir='ltr'><strong>si</strong></span> <span class='ocrx_word' id='word_1_143' title='bbox 2001 1047 2095 1076; x_wconf 88' lang='lat' dir='ltr'><strong>vere</strong></span> <span class='ocrx_word' id='word_1_144' title='bbox 2124 1036 2230 1095; x_wconf 80' lang='lat' dir='ltr'><strong>dicta</strong></span> <span class='ocrx_word' id='word_1_145' title='bbox 2255 1040 2368 1087; x_wconf 89' lang='lat' dir='ltr'><strong>sunt,</strong></span> <span class='ocrx_word' id='word_1_146' title='bbox 2407 1036 2647 1090; x_wconf 80' lang='lat' dir='ltr'><strong>Syracusani</strong></span> 
     </span>
     <span class='ocr_line' id='line_1_13' title="bbox 346 1100 2647 1155; baseline -0.002 -14"><span class='ocrx_word' id='word_1_147' title='bbox 346 1108 543 1155; x_wconf 85' lang='lat' dir='ltr'><strong>rogarunt</strong></span> <span class='ocrx_word' id='word_1_148' title='bbox 562 1102 813 1152; x_wconf 83' lang='lat' dir='ltr'><strong>Corinthios,</strong></span> <span class='ocrx_word' id='word_1_149' title='bbox 853 1107 897 1141; x_wconf 90' lang='lat' dir='ltr'><strong>ut</strong></span> <span class='ocrx_word' id='word_1_150' title='bbox 918 1106 1046 1142; x_wconf 85' lang='lat' dir='ltr'><strong>virum</strong></span> <span class='ocrx_word' id='word_1_151' title='bbox 1073 1107 1299 1151; x_wconf 84' lang='lat' dir='ltr'><strong>mitterent,</strong></span> <span class='ocrx_word' id='word_1_152' title='bbox 1336 1106 1402 1153; x_wconf 91' lang='lat' dir='ltr'><strong>qui</strong></span> <span class='ocrx_word' id='word_1_153' title='bbox 1424 1100 1661 1154; x_wconf 89' lang='lat' dir='ltr'><strong>paciscendo</strong></span> <span class='ocrx_word' id='word_1_154' title='bbox 1682 1113 1750 1139; x_wconf 91' lang='lat' dir='ltr'><strong>res</strong></span> <span class='ocrx_word' id='word_1_155' title='bbox 1777 1100 1960 1140; x_wconf 89' lang='lat' dir='ltr'><strong>turbatas</strong></span> <span class='ocrx_word' id='word_1_156' title='bbox 1984 1105 2257 1152; x_wconf 89' lang='lat' dir='ltr'><strong>componeret,</strong></span> <span class='ocrx_word' id='word_1_157' title='bbox 2294 1105 2336 1139; x_wconf 89' lang='lat' dir='ltr'><strong>et</strong></span> <span class='ocrx_word' id='word_1_158' title='bbox 2360 1100 2647 1139; x_wconf 90' lang='lat' dir='ltr'><strong>conditionibus</strong></span> 
     </span>
     <span class='ocr_line' id='line_1_14' title="bbox 347 1161 2645 1219; baseline -0.001 -15"><span class='ocrx_word' id='word_1_159' title='bbox 347 1169 570 1218; x_wconf 88' lang='lat' dir='ltr'><strong>propositis</strong></span> <span class='ocrx_word' id='word_1_160' title='bbox 590 1164 853 1218; x_wconf 89' lang='lat' dir='ltr'><strong>persuaderet</strong></span> <span class='ocrx_word' id='word_1_161' title='bbox 867 1164 1085 1218; x_wconf 91' lang='lat' dir='ltr'><strong>Dionysio,</strong></span> <span class='ocrx_word' id='word_1_162' title='bbox 1115 1171 1159 1206; x_wconf 92' lang='lat' dir='ltr'><strong>ut</strong></span> <span class='ocrx_word' id='word_1_163' title='bbox 1176 1165 1423 1219; x_wconf 81' lang='lat' dir='ltr'><strong>tyrannidem</strong></span> <span class='ocrx_word' id='word_1_164' title='bbox 1442 1169 1585 1216; x_wconf 91' lang='lat' dir='ltr'><strong>sponte</strong></span> <span class='ocrx_word' id='word_1_165' title='bbox 1606 1169 1782 1204; x_wconf 91' lang='lat' dir='ltr'><strong>exueret.</strong></span> <span class='ocrx_word' id='word_1_166' title='bbox 1821 1163 1876 1203; x_wconf 79' lang='lat' dir='ltr'><strong>At</strong></span> <span class='ocrx_word' id='word_1_167' title='bbox 1889 1176 1965 1203; x_wconf 93' lang='lat' dir='ltr'><strong>non</strong></span> <span class='ocrx_word' id='word_1_168' title='bbox 1983 1163 2060 1203; x_wconf 93' lang='lat' dir='ltr'><strong>hoc</strong></span> <span class='ocrx_word' id='word_1_169' title='bbox 2075 1169 2240 1217; x_wconf 86' lang='lat' dir='ltr'><strong>rogatos</strong></span> <span class='ocrx_word' id='word_1_170' title='bbox 2256 1162 2385 1204; x_wconf 81' lang='lat' dir='ltr'><strong>fuisse</strong></span> <span class='ocrx_word' id='word_1_171' title='bbox 2406 1161 2645 1212; x_wconf 87' lang='lat' dir='ltr'><strong>Corinthios,</strong></span> 
     </span>
     <span class='ocr_line' id='line_1_15' title="bbox 347 1225 2646 1281; baseline -0.001 -14"><span class='ocrx_word' id='word_1_172' title='bbox 347 1242 417 1267; x_wconf 88' lang='lat' dir='ltr'><strong>res</strong></span> <span class='ocrx_word' id='word_1_173' title='bbox 438 1233 526 1280; x_wconf 87' lang='lat' dir='ltr'><strong>ipsa</strong></span> <span class='ocrx_word' id='word_1_174' title='bbox 545 1229 757 1266; x_wconf 85' lang='lat' dir='ltr'><strong>manifesto</strong></span> <span class='ocrx_word' id='word_1_175' title='bbox 776 1228 913 1278; x_wconf 82' lang='lat' dir='ltr'><strong>docet3</strong></span> <span class='ocrx_word' id='word_1_176' title='bbox 942 1241 1031 1266; x_wconf 92' lang='lat' dir='ltr'><strong>nam</strong></span> <span class='ocrx_word' id='word_1_177' title='bbox 1047 1228 1194 1267; x_wconf 89' lang='lat' dir='ltr'><strong>bellum</strong></span> <span class='ocrx_word' id='word_1_178' title='bbox 1211 1232 1402 1280; x_wconf 88' lang='lat' dir='ltr'><strong>pararunt</strong></span> <span class='ocrx_word' id='word_1_179' title='bbox 1416 1227 1496 1277; x_wconf 92' lang='lat' dir='ltr'><strong>illi,</strong></span> <span class='ocrx_word' id='word_1_180' title='bbox 1527 1227 1700 1266; x_wconf 87' lang='lat' dir='ltr'><strong>classem</strong></span> <span class='ocrx_word' id='word_1_181' title='bbox 1716 1229 1910 1267; x_wconf 87' lang='lat' dir='ltr'><strong>miserunt</strong></span> <span class='ocrx_word' id='word_1_182' title='bbox 1928 1231 2048 1281; x_wconf 88' lang='lat' dir='ltr'><strong>atque</strong></span> <span class='ocrx_word' id='word_1_183' title='bbox 2066 1230 2303 1280; x_wconf 80' lang='lat' dir='ltr'><strong>exercitum,</strong></span> <span class='ocrx_word' id='word_1_184' title='bbox 2330 1225 2646 1281; x_wconf 86' lang='lat' dir='ltr'><strong>suppeditarunt-</strong></span> 
     </span>
     <span class='ocr_line' id='line_1_16' title="bbox 349 1289 2646 1344; baseline -0.001 -13"><span class='ocrx_word' id='word_1_185' title='bbox 349 1307 445 1344; x_wconf 86' lang='lat' dir='ltr'><strong>que,</strong></span> <span class='ocrx_word' id='word_1_186' title='bbox 477 1305 576 1342; x_wconf 89' lang='lat' dir='ltr'><strong>quae</strong></span> <span class='ocrx_word' id='word_1_187' title='bbox 595 1291 645 1330; x_wconf 88' lang='lat' dir='ltr'><strong>ad</strong></span> <span class='ocrx_word' id='word_1_188' title='bbox 663 1290 811 1330; x_wconf 88' lang='lat' dir='ltr'><strong>bellum</strong></span> <span class='ocrx_word' id='word_1_189' title='bbox 831 1289 1048 1343; x_wconf 88' lang='lat' dir='ltr'><strong>gerendum</strong></span> <span class='ocrx_word' id='word_1_190' title='bbox 1067 1295 1157 1330; x_wconf 88' lang='lat' dir='ltr'><strong>usui</strong></span> <span class='ocrx_word' id='word_1_191' title='bbox 1180 1297 1331 1329; x_wconf 90' lang='lat' dir='ltr'><strong>essent.</strong></span> <span class='ocrx_word' id='word_1_192' title='bbox 1387 1289 1529 1341; x_wconf 81' lang='lat' dir='ltr'><strong>Neque</strong></span> <span class='ocrx_word' id='word_1_193' title='bbox 1552 1289 1794 1342; x_wconf 75' lang='lat' dir='ltr'><strong>Syracusani</strong></span> <span class='ocrx_word' id='word_1_194' title='bbox 1819 1291 2058 1341; x_wconf 88' lang='lat' dir='ltr'><strong>sperabant,</strong></span> <span class='ocrx_word' id='word_1_195' title='bbox 2086 1291 2344 1344; x_wconf 85' lang='lat' dir='ltr'><strong>Dionysium,</strong></span> <span class='ocrx_word' id='word_1_196' title='bbox 2371 1294 2449 1329; x_wconf 86' lang='lat' dir='ltr'><strong>nisi</strong></span> <span class='ocrx_word' id='word_1_197' title='bbox 2469 1293 2509 1329; x_wconf 88' lang='lat' dir='ltr'><strong>vi</strong></span> <span class='ocrx_word' id='word_1_198' title='bbox 2529 1303 2646 1343; x_wconf 88' lang='lat' dir='ltr'><strong>coge-</strong></span> 
     </span>
     <span class='ocr_line' id='line_1_17' title="bbox 344 1352 2644 1408; baseline -0 -14"><span class='ocrx_word' id='word_1_199' title='bbox 344 1360 473 1406; x_wconf 87' lang='lat' dir='ltr'><strong>retur,</strong></span> <span class='ocrx_word' id='word_1_200' title='bbox 504 1353 554 1394; x_wconf 87' lang='lat' dir='ltr'><strong>ad</strong></span> <span class='ocrx_word' id='word_1_201' title='bbox 574 1352 845 1407; x_wconf 90' lang='lat' dir='ltr'><strong>deponendum</strong></span> <span class='ocrx_word' id='word_1_202' title='bbox 862 1356 1070 1407; x_wconf 84' lang='lat' dir='ltr'><strong>imperium</strong></span> <span class='ocrx_word' id='word_1_203' title='bbox 1087 1358 1309 1408; x_wconf 84' lang='lat' dir='ltr'><strong>permotum</strong></span> <span class='ocrx_word' id='word_1_204' title='bbox 1329 1356 1400 1405; x_wconf 86' lang='lat' dir='ltr'><strong>iri,</strong></span> <span class='ocrx_word' id='word_1_205' title='bbox 1430 1366 1558 1406; x_wconf 93' lang='lat' dir='ltr'><strong>neque</strong></span> <span class='ocrx_word' id='word_1_206' title='bbox 1578 1356 1701 1393; x_wconf 89' lang='lat' dir='ltr'><strong>armis</strong></span> <span class='ocrx_word' id='word_1_207' title='bbox 1727 1365 1775 1393; x_wconf 92' lang='lat' dir='ltr'><strong>ac</strong></span> <span class='ocrx_word' id='word_1_208' title='bbox 1800 1352 1968 1406; x_wconf 88' lang='lat' dir='ltr'><strong>proeliis</strong></span> <span class='ocrx_word' id='word_1_209' title='bbox 1987 1366 2126 1405; x_wconf 88' lang='lat' dir='ltr'><strong>pacem</strong></span> <span class='ocrx_word' id='word_1_210' title='bbox 2142 1359 2194 1394; x_wconf 67' lang='lat' dir='ltr'><strong>‘et</strong></span> <span class='ocrx_word' id='word_1_211' title='bbox 2210 1354 2436 1394; x_wconf 88' lang='lat' dir='ltr'><strong>libertatem</strong></span> <span class='ocrx_word' id='word_1_212' title='bbox 2456 1367 2644 1407; x_wconf 88' lang='lat' dir='ltr'><strong>quaeren-</strong></span> 
     </span>
     <span class='ocr_line' id='line_1_18' title="bbox 343 1415 2643 1472; baseline 0.001 -16"><span class='ocrx_word' id='word_1_213' title='bbox 343 1419 431 1457; x_wconf 78' lang='lat' dir='ltr'><strong>dam</strong></span> <span class='ocrx_word' id='word_1_214' title='bbox 448 1429 541 1457; x_wconf 90' lang='lat' dir='ltr'><strong>esse</strong></span> <span class='ocrx_word' id='word_1_215' title='bbox 563 1417 814 1471; x_wconf 82' lang='lat' dir='ltr'><strong>ignorabant.</strong></span> <span class='ocrx_word' id='word_1_216' title='bbox 865 1416 1081 1457; x_wconf 88' lang='lat' dir='ltr'><strong>Plutarcho</strong></span> <span class='ocrx_word' id='word_1_217' title='bbox 1106 1420 1257 1458; x_wconf 87' lang='lat' dir='ltr'><strong>certius</strong></span> <span class='ocrx_word' id='word_1_218' title='bbox 1283 1421 1404 1471; x_wconf 89' lang='lat' dir='ltr'><strong>atque</strong></span> <span class='ocrx_word' id='word_1_219' title='bbox 1424 1419 1649 1459; x_wconf 85' lang='lat' dir='ltr'><strong>accuratius</strong></span> <span class='ocrx_word' id='word_1_220' title='bbox 1675 1415 1775 1457; x_wconf 83' lang='lat' dir='ltr'><strong>haec</strong></span> <span class='ocrx_word' id='word_1_221' title='bbox 1798 1415 1987 1459; x_wconf 83' lang='lat' dir='ltr'><strong>referenti</strong></span> <span class='ocrx_word' id='word_1_222' title='bbox 2011 1416 2104 1471; x_wconf 91' lang='lat' dir='ltr'><strong>plus</strong></span> <span class='ocrx_word' id='word_1_223' title='bbox 2120 1416 2213 1460; x_wconf 81' lang='lat' dir='ltr'><strong>fidei</strong></span> <span class='ocrx_word' id='word_1_224' title='bbox 2231 1415 2386 1470; x_wconf 88' lang='lat' dir='ltr'><strong>deberi,</strong></span> <span class='ocrx_word' id='word_1_225' title='bbox 2416 1431 2533 1472; x_wconf 88' lang='lat' dir='ltr'><strong>quam</strong></span> <span class='ocrx_word' id='word_1_226' title='bbox 2549 1416 2643 1460; x_wconf 88' lang='lat' dir='ltr'><strong>Dio-</strong></span> 
     </span>
    </p>
   </div>
   <div class='ocr_carea' id='block_1_4' title="bbox 342 1477 1401 1533">
    <p class='ocr_par' dir='ltr' id='par_1_4' title="bbox 342 1477 1401 1533">
     <span class='ocr_line' id='line_1_19' title="bbox 342 1477 1401 1533; baseline -0.001 -14"><span class='ocrx_word' id='word_1_227' title='bbox 342 1483 439 1520; x_wconf 85' lang='lat' dir='ltr'><strong>doro</strong></span> <span class='ocrx_word' id='word_1_228' title='bbox 451 1511 462 1531; x_wconf 95' lang='lat'><strong>,</strong></span> <span class='ocrx_word' id='word_1_229' title='bbox 492 1477 848 1520; x_wconf 86' lang='lat' dir='ltr'><strong>demonstravimus</strong></span> <span class='ocrx_word' id='word_1_230' title='bbox 863 1480 1091 1533; x_wconf 87' lang='lat' dir='ltr'><strong>Prolegom.</strong></span> <span class='ocrx_word' id='word_1_231' title='bbox 1110 1481 1159 1520; x_wconf 89' lang='lat'><strong>11.</strong></span> <span class='ocrx_word' id='word_1_232' title='bbox 1188 1493 1281 1533; x_wconf 84' lang='lat' dir='ltr'><strong>pag.</strong></span> <span class='ocrx_word' id='word_1_233' title='bbox 1298 1482 1326 1520; x_wconf 79' lang='lat'>3</span> <span class='ocrx_word' id='word_1_234' title='bbox 1342 1493 1401 1533; x_wconf 92' lang='lat' dir='ltr'><strong>sq.</strong></span> 
     </span>
    </p>
   </div>
   <div class='ocr_carea' id='block_1_5' title="bbox 323 1564 2641 2766">
    <p class='ocr_par' dir='ltr' id='par_1_5' title="bbox 323 1564 2641 2766">
     <span class='ocr_line' id='line_1_20' title="bbox 450 1564 2641 1620; baseline 0.002 -17"><span class='ocrx_word' id='word_1_235' title='bbox 450 1566 593 1617; x_wconf 86' lang='lat' dir='ltr'><strong>Neque</strong></span> <span class='ocrx_word' id='word_1_236' title='bbox 606 1569 738 1618; x_wconf 85' lang='lat' dir='ltr'><strong>magis</strong></span> <span class='ocrx_word' id='word_1_237' title='bbox 757 1568 816 1603; x_wconf 88' lang='lat' dir='ltr'><strong>rei</strong></span> <span class='ocrx_word' id='word_1_238' title='bbox 842 1565 892 1603; x_wconf 90' lang='lat' dir='ltr'><strong>ab</strong></span> <span class='ocrx_word' id='word_1_239' title='bbox 918 1568 1091 1617; x_wconf 87' lang='lat' dir='ltr'><strong>antiquis</strong></span> <span class='ocrx_word' id='word_1_240' title='bbox 1113 1565 1377 1616; x_wconf 87' lang='lat' dir='ltr'><strong>scriptoribus</strong></span> <span class='ocrx_word' id='word_1_241' title='bbox 1401 1564 1572 1604; x_wconf 83' lang='lat' dir='ltr'><strong>traditae</strong></span> <span class='ocrx_word' id='word_1_242' title='bbox 1595 1568 1862 1604; x_wconf 88' lang='lat' dir='ltr'><strong>consentanea</strong></span> <span class='ocrx_word' id='word_1_243' title='bbox 1879 1570 1996 1617; x_wconf 91' lang='lat' dir='ltr'><strong>sunt,</strong></span> <span class='ocrx_word' id='word_1_244' title='bbox 2024 1577 2125 1618; x_wconf 91' lang='lat' dir='ltr'><strong>quae</strong></span> <span class='ocrx_word' id='word_1_245' title='bbox 2150 1565 2352 1606; x_wconf 84' lang='lat' dir='ltr'><strong>subiunxit</strong></span> <span class='ocrx_word' id='word_1_246' title='bbox 2371 1565 2501 1607; x_wconf 84' lang='lat' dir='ltr'><strong>Schl.:</strong></span> <span class='ocrx_word' id='word_1_247' title='bbox 2536 1568 2641 1620; x_wconf 90' lang='lat' dir='ltr'><strong>„Die</strong></span> 
     </span>
     <span class='ocr_line' id='line_1_21' title="bbox 342 1627 2641 1681; baseline 0.001 -13"><span class='ocrx_word' id='word_1_248' title='bbox 342 1629 558 1669; x_wconf 83' lang='lat' dir='ltr'><strong>Korinther</strong></span> <span class='ocrx_word' id='word_1_249' title='bbox 576 1628 765 1681; x_wconf 84' lang='lat' dir='ltr'><strong>ergriffen</strong></span> <span class='ocrx_word' id='word_1_250' title='bbox 787 1627 850 1667; x_wconf 88' lang='lat' dir='ltr'><strong>die</strong></span> <span class='ocrx_word' id='word_1_251' title='bbox 872 1628 1141 1679; x_wconf 85' lang='lat' dir='ltr'><strong>dargebotene</strong></span> <span class='ocrx_word' id='word_1_252' title='bbox 1163 1627 1426 1679; x_wconf 83' lang='lat' dir='ltr'><strong>Gelegenheit</strong></span> <span class='ocrx_word' id='word_1_253' title='bbox 1443 1632 1515 1666; x_wconf 87' lang='lat' dir='ltr'><strong>mit</strong></span> <span class='ocrx_word' id='word_1_254' title='bbox 1533 1627 1734 1678; x_wconf 72' lang='lat' dir='ltr'><strong>qudeu,</strong></span> <span class='ocrx_word' id='word_1_255' title='bbox 1763 1643 1830 1668; x_wconf 89' lang='lat' dir='ltr'><strong>um</strong></span> <span class='ocrx_word' id='word_1_256' title='bbox 1853 1633 1968 1668; x_wconf 87' lang='lat' dir='ltr'><strong>einen</strong></span> <span class='ocrx_word' id='word_1_257' title='bbox 1988 1629 2326 1680; x_wconf 83' lang='lat' dir='ltr'><strong>Familienzwist,</strong></span> <span class='ocrx_word' id='word_1_258' title='bbox 2363 1630 2434 1670; x_wconf 90' lang='lat' dir='ltr'><strong>der</strong></span> <span class='ocrx_word' id='word_1_259' title='bbox 2458 1635 2498 1671; x_wconf 89' lang='lat' dir='ltr'><strong>in</strong></span> <span class='ocrx_word' id='word_1_260' title='bbox 2517 1632 2641 1672; x_wconf 89' lang='lat' dir='ltr'><strong>ihrem</strong></span> 
     </span>
     <span class='ocr_line' id='line_1_22' title="bbox 339 1689 2641 1745; baseline 0.002 -15"><span class='ocrx_word' id='word_1_261' title='bbox 339 1696 482 1744; x_wconf 82' lang='lat' dir='ltr'><strong>eignen</strong></span> <span class='ocrx_word' id='word_1_262' title='bbox 502 1691 619 1729; x_wconf 86' lang='lat' dir='ltr'><strong>Staat</strong></span> <span class='ocrx_word' id='word_1_263' title='bbox 634 1690 869 1729; x_wconf 89' lang='lat' dir='ltr'><strong>entstanden</strong></span> <span class='ocrx_word' id='word_1_264' title='bbox 888 1702 992 1745; x_wconf 77' lang='lat' dir='ltr'><strong>war,</strong></span> <span class='ocrx_word' id='word_1_265' title='bbox 1022 1689 1217 1728; x_wconf 81' lang='lat' dir='ltr'><strong>riihmlicli</strong></span> <span class='ocrx_word' id='word_1_266' title='bbox 1235 1702 1287 1728; x_wconf 90' lang='lat' dir='ltr'><strong>zu</strong></span> <span class='ocrx_word' id='word_1_267' title='bbox 1313 1689 1452 1728; x_wconf 84' lang='lat' dir='ltr'><strong>enden.</strong></span> <span class='ocrx_word' id='word_1_268' title='bbox 1508 1690 1579 1728; x_wconf 91' lang='lat' dir='ltr'><strong>Sie</strong></span> <span class='ocrx_word' id='word_1_269' title='bbox 1597 1691 1774 1730; x_wconf 72' lang='lat' dir='ltr'><strong>wahlten</strong></span> <span class='ocrx_word' id='word_1_270' title='bbox 1798 1692 1970 1731; x_wconf 62' lang='lat' dir='ltr'><strong>numlich</strong></span> <span class='ocrx_word' id='word_1_271' title='bbox 1986 1691 2215 1744; x_wconf 86' lang='lat' dir='ltr'><strong>Timoleon,</strong></span> <span class='ocrx_word' id='word_1_272' title='bbox 2253 1696 2368 1733; x_wconf 87' lang='lat' dir='ltr'><strong>einen</strong></span> <span class='ocrx_word' id='word_1_273' title='bbox 2386 1694 2641 1736; x_wconf 86' lang='lat' dir='ltr'><strong>enthusiasti-</strong></span> 
     </span>
     <span class='ocr_line' id='line_1_23' title="bbox 338 1752 2639 1811; baseline 0.002 -17"><span class='ocrx_word' id='word_1_274' title='bbox 338 1756 461 1794; x_wconf 91' lang='lat' dir='ltr'><strong>schen</strong></span> <span class='ocrx_word' id='word_1_275' title='bbox 479 1753 638 1794; x_wconf 83' lang='lat' dir='ltr'><strong>Freund</strong></span> <span class='ocrx_word' id='word_1_276' title='bbox 656 1753 727 1805; x_wconf 86' lang='lat' dir='ltr'><strong>der</strong></span> <span class='ocrx_word' id='word_1_277' title='bbox 749 1752 946 1804; x_wconf 77' lang='lat' dir='ltr'><strong>FreiheIt,</strong></span> <span class='ocrx_word' id='word_1_278' title='bbox 974 1767 1040 1793; x_wconf 93' lang='lat' dir='ltr'><strong>um</strong></span> <span class='ocrx_word' id='word_1_279' title='bbox 1059 1754 1126 1793; x_wconf 86' lang='lat' dir='ltr'><strong>ihu</strong></span> <span class='ocrx_word' id='word_1_280' title='bbox 1152 1756 1224 1792; x_wconf 91' lang='lat' dir='ltr'><strong>mit</strong></span> <span class='ocrx_word' id='word_1_281' title='bbox 1240 1752 1373 1792; x_wconf 88' lang='lat' dir='ltr'><strong>Ehren</strong></span> <span class='ocrx_word' id='word_1_282' title='bbox 1394 1766 1446 1792; x_wconf 91' lang='lat' dir='ltr'><strong>zu</strong></span> <span class='ocrx_word' id='word_1_283' title='bbox 1465 1752 1692 1804; x_wconf 87' lang='lat' dir='ltr'><strong>entfernen,</strong></span> <span class='ocrx_word' id='word_1_284' title='bbox 1720 1753 1801 1794; x_wconf 89' lang='lat' dir='ltr'><strong>und</strong></span> <span class='ocrx_word' id='word_1_285' title='bbox 1827 1754 1909 1794; x_wconf 89' lang='lat' dir='ltr'><strong>ihm</strong></span> <span class='ocrx_word' id='word_1_286' title='bbox 1928 1754 2193 1808; x_wconf 86' lang='lat' dir='ltr'><strong>Gelegenheit</strong></span> <span class='ocrx_word' id='word_1_287' title='bbox 2211 1769 2264 1796; x_wconf 89' lang='lat' dir='ltr'><strong>zu</strong></span> <span class='ocrx_word' id='word_1_288' title='bbox 2279 1758 2549 1811; x_wconf 83' lang='lat' dir='ltr'><strong>verschaffen,</strong></span> <span class='ocrx_word' id='word_1_289' title='bbox 2576 1760 2639 1799; x_wconf 90' lang='lat' dir='ltr'><strong>die</strong></span> 
     </span>
     <span class='ocr_line' id='line_1_24' title="bbox 336 1815 2638 1871; baseline 0.002 -13"><span class='ocrx_word' id='word_1_290' title='bbox 336 1819 525 1871; x_wconf 86' lang='lat' dir='ltr'><strong>Achtung</strong></span> <span class='ocrx_word' id='word_1_291' title='bbox 545 1821 678 1857; x_wconf 89' lang='lat' dir='ltr'><strong>seiner</strong></span> <span class='ocrx_word' id='word_1_292' title='bbox 694 1816 862 1856; x_wconf 87' lang='lat' dir='ltr'><strong>Familie</strong></span> <span class='ocrx_word' id='word_1_293' title='bbox 889 1816 968 1856; x_wconf 91' lang='lat' dir='ltr'><strong>und</strong></span> <span class='ocrx_word' id='word_1_294' title='bbox 987 1816 1090 1856; x_wconf 91' lang='lat' dir='ltr'><strong>aller</strong></span> <span class='ocrx_word' id='word_1_295' title='bbox 1109 1816 1245 1868; x_wconf 47' lang='lat' dir='ltr'><strong>Edi*</strong></span> <span class='ocrx_word' id='word_1_296' title='bbox 1257 1821 1374 1856; x_wconf 90' lang='lat' dir='ltr'><strong>unter</strong></span> <span class='ocrx_word' id='word_1_297' title='bbox 1391 1819 1529 1856; x_wconf 87' lang='lat' dir='ltr'><strong>seinen</strong></span> <span class='ocrx_word' id='word_1_298' title='bbox 1549 1815 1802 1870; x_wconf 82' lang='lat' dir='ltr'><strong>Mitbiirgern</strong></span> <span class='ocrx_word' id='word_1_299' title='bbox 1814 1846 1826 1867; x_wconf 90' lang='lat'><strong>,</strong></span> <span class='ocrx_word' id='word_1_300' title='bbox 1855 1815 1919 1857; x_wconf 87' lang='lat' dir='ltr'><strong>die</strong></span> <span class='ocrx_word' id='word_1_301' title='bbox 1940 1830 1986 1858; x_wconf 91' lang='lat' dir='ltr'><strong>er</strong></span> <span class='ocrx_word' id='word_1_302' title='bbox 2006 1818 2128 1858; x_wconf 89' lang='lat' dir='ltr'><strong>durch</strong></span> <span class='ocrx_word' id='word_1_303' title='bbox 2154 1818 2230 1859; x_wconf 91' lang='lat' dir='ltr'><strong>den</strong></span> <span class='ocrx_word' id='word_1_304' title='bbox 2244 1818 2365 1860; x_wconf 88' lang='lat' dir='ltr'><strong>Mord</strong></span> <span class='ocrx_word' id='word_1_305' title='bbox 2390 1825 2525 1862; x_wconf 87' lang='lat' dir='ltr'><strong>seines</strong></span> <span class='ocrx_word' id='word_1_306' title='bbox 2540 1823 2638 1863; x_wconf 86' lang='lat' dir='ltr'><strong>Bru·</strong></span> 
     </span>
     <span class='ocr_line' id='line_1_25' title="bbox 336 1879 2637 1937; baseline 0.002 -16"><span class='ocrx_word' id='word_1_307' title='bbox 336 1883 432 1922; x_wconf 84' lang='lat' dir='ltr'><strong>ders</strong></span> <span class='ocrx_word' id='word_1_308' title='bbox 450 1881 634 1920; x_wconf 85' lang='lat' dir='ltr'><strong>verloren</strong></span> <span class='ocrx_word' id='word_1_309' title='bbox 649 1881 778 1930; x_wconf 90' lang='lat' dir='ltr'><strong>hatte,</strong></span> <span class='ocrx_word' id='word_1_310' title='bbox 808 1879 931 1919; x_wconf 86' lang='lat' dir='ltr'><strong>durch</strong></span> <span class='ocrx_word' id='word_1_311' title='bbox 946 1879 1009 1919; x_wconf 87' lang='lat' dir='ltr'><strong>die</strong></span> <span class='ocrx_word' id='word_1_312' title='bbox 1024 1879 1243 1934; x_wconf 87' lang='lat' dir='ltr'><strong>Befreiung</strong></span> <span class='ocrx_word' id='word_1_313' title='bbox 1255 1893 1333 1919; x_wconf 87' lang='lat' dir='ltr'><strong>von</strong></span> <span class='ocrx_word' id='word_1_314' title='bbox 1349 1879 1514 1919; x_wconf 90' lang='lat' dir='ltr'><strong>Sicilien</strong></span> <span class='ocrx_word' id='word_1_315' title='bbox 1531 1879 1682 1919; x_wconf 86' lang='lat' dir='ltr'><strong>wieder</strong></span> <span class='ocrx_word' id='word_1_316' title='bbox 1698 1893 1751 1919; x_wconf 90' lang='lat' dir='ltr'><strong>zu</strong></span> <span class='ocrx_word' id='word_1_317' title='bbox 1766 1882 2021 1934; x_wconf 85' lang='lat' dir='ltr'><strong>gewinnen.“</strong></span> <span class='ocrx_word' id='word_1_318' title='bbox 2072 1881 2149 1922; x_wconf 81' lang='lat' dir='ltr'><strong>His</strong></span> <span class='ocrx_word' id='word_1_319' title='bbox 2163 1886 2287 1935; x_wconf 92' lang='lat' dir='ltr'><strong>enim,</strong></span> <span class='ocrx_word' id='word_1_320' title='bbox 2315 1896 2417 1937; x_wconf 87' lang='lat' dir='ltr'><strong>quae</strong></span> <span class='ocrx_word' id='word_1_321' title='bbox 2431 1898 2498 1925; x_wconf 87' lang='lat' dir='ltr'><strong>res</strong></span> <span class='ocrx_word' id='word_1_322' title='bbox 2512 1886 2637 1926; x_wconf 86' lang='lat' dir='ltr'><strong>levior</strong></span> 
     </span>
     <span class='ocr_line' id='line_1_26' title="bbox 336 1942 2636 1998; baseline 0.002 -13"><span class='ocrx_word' id='word_1_323' title='bbox 336 1946 386 1986; x_wconf 88' lang='lat' dir='ltr'><strong>ad</strong></span> <span class='ocrx_word' id='word_1_324' title='bbox 414 1948 671 1997; x_wconf 88' lang='lat' dir='ltr'><strong>praecipuum</strong></span> <span class='ocrx_word' id='word_1_325' title='bbox 694 1942 986 1984; x_wconf 87' lang='lat' dir='ltr'><strong>Corinthiorum</strong></span> <span class='ocrx_word' id='word_1_326' title='bbox 1007 1942 1216 1982; x_wconf 90' lang='lat' dir='ltr'><strong>consilium</strong></span> <span class='ocrx_word' id='word_1_327' title='bbox 1234 1946 1429 1994; x_wconf 90' lang='lat' dir='ltr'><strong>accessit,</strong></span> <span class='ocrx_word' id='word_1_328' title='bbox 1456 1955 1508 1983; x_wconf 90' lang='lat' dir='ltr'><strong>ea</strong></span> <span class='ocrx_word' id='word_1_329' title='bbox 1527 1946 1617 1995; x_wconf 91' lang='lat' dir='ltr'><strong>ipsa</strong></span> <span class='ocrx_word' id='word_1_330' title='bbox 1636 1942 1780 1984; x_wconf 91' lang='lat' dir='ltr'><strong>dicitur</strong></span> <span class='ocrx_word' id='word_1_331' title='bbox 1799 1948 2003 1998; x_wconf 86' lang='lat' dir='ltr'><strong>praecipui</strong></span> <span class='ocrx_word' id='word_1_332' title='bbox 2022 1945 2180 1986; x_wconf 83' lang='lat' dir='ltr'><strong>consilii</strong></span> <span class='ocrx_word' id='word_1_333' title='bbox 2200 1946 2341 1988; x_wconf 82' lang='lat' dir='ltr'><strong>fuisse.</strong></span> <span class='ocrx_word' id='word_1_334' title='bbox 2396 1949 2514 1990; x_wconf 89' lang='lat' dir='ltr'><strong>Patet</strong></span> <span class='ocrx_word' id='word_1_335' title='bbox 2533 1954 2636 1990; x_wconf 89' lang='lat' dir='ltr'><strong>enim</strong></span> 
     </span>
     <span class='ocr_line' id='line_1_27' title="bbox 336 2006 2636 2061; baseline 0.002 -13"><span class='ocrx_word' id='word_1_336' title='bbox 336 2023 385 2048; x_wconf 88' lang='lat' dir='ltr'><strong>ex</strong></span> <span class='ocrx_word' id='word_1_337' title='bbox 403 2012 474 2058; x_wconf 89' lang='lat' dir='ltr'><strong>iis,</strong></span> <span class='ocrx_word' id='word_1_338' title='bbox 505 2019 607 2061; x_wconf 91' lang='lat' dir='ltr'><strong>quae</strong></span> <span class='ocrx_word' id='word_1_339' title='bbox 626 2012 794 2059; x_wconf 87' lang='lat' dir='ltr'><strong>uterque</strong></span> <span class='ocrx_word' id='word_1_340' title='bbox 812 2009 987 2058; x_wconf 84' lang='lat' dir='ltr'><strong>scriptor</strong></span> <span class='ocrx_word' id='word_1_341' title='bbox 1004 2009 1220 2046; x_wconf 86' lang='lat' dir='ltr'><strong>memoriae</strong></span> <span class='ocrx_word' id='word_1_342' title='bbox 1243 2006 1435 2059; x_wconf 83' lang='lat' dir='ltr'><strong>prodidit,</strong></span> <span class='ocrx_word' id='word_1_343' title='bbox 1464 2006 1506 2047; x_wconf 90' lang='lat' dir='ltr'><strong>id</strong></span> <span class='ocrx_word' id='word_1_344' title='bbox 1526 2010 1696 2046; x_wconf 83' lang='lat' dir='ltr'><strong>maxime</strong></span> <span class='ocrx_word' id='word_1_345' title='bbox 1719 2012 1930 2060; x_wconf 87' lang='lat' dir='ltr'><strong>spectasse</strong></span> <span class='ocrx_word' id='word_1_346' title='bbox 1951 2008 2203 2061; x_wconf 87' lang='lat' dir='ltr'><strong>Corinthios,</strong></span> <span class='ocrx_word' id='word_1_347' title='bbox 2240 2015 2286 2051; x_wconf 90' lang='lat' dir='ltr'><strong>ut</strong></span> <span class='ocrx_word' id='word_1_348' title='bbox 2310 2011 2490 2053; x_wconf 85' lang='lat' dir='ltr'><strong>coloniae</strong></span> <span class='ocrx_word' id='word_1_349' title='bbox 2508 2018 2636 2054; x_wconf 88' lang='lat' dir='ltr'><strong>extre-</strong></span> 
     </span>
     <span class='ocr_line' id='line_1_28' title="bbox 333 2069 2633 2128; baseline 0.002 -17"><span class='ocrx_word' id='word_1_350' title='bbox 333 2076 412 2113; x_wconf 87' lang='lat' dir='ltr'><strong>mis</strong></span> <span class='ocrx_word' id='word_1_351' title='bbox 428 2072 546 2110; x_wconf 82' lang='lat' dir='ltr'><strong>malis</strong></span> <span class='ocrx_word' id='word_1_352' title='bbox 566 2071 762 2109; x_wconf 90' lang='lat' dir='ltr'><strong>laboranti</strong></span> <span class='ocrx_word' id='word_1_353' title='bbox 783 2075 1075 2109; x_wconf 88' lang='lat' dir='ltr'><strong>succurrerent.</strong></span> <span class='ocrx_word' id='word_1_354' title='bbox 1133 2069 1250 2109; x_wconf 73' lang='lat' dir='ltr'><strong>Quod</strong></span> <span class='ocrx_word' id='word_1_355' title='bbox 1273 2070 1482 2109; x_wconf 89' lang='lat' dir='ltr'><strong>consilium</strong></span> <span class='ocrx_word' id='word_1_356' title='bbox 1506 2075 1719 2122; x_wconf 90' lang='lat' dir='ltr'><strong>postquam</strong></span> <span class='ocrx_word' id='word_1_357' title='bbox 1739 2076 1952 2122; x_wconf 88' lang='lat' dir='ltr'><strong>ceperunt,</strong></span> <span class='ocrx_word' id='word_1_358' title='bbox 1979 2075 2065 2111; x_wconf 83' lang='lat' dir='ltr'><strong>tum</strong></span> <span class='ocrx_word' id='word_1_359' title='bbox 2083 2071 2239 2112; x_wconf 91' lang='lat' dir='ltr'><strong>demum</strong></span> <span class='ocrx_word' id='word_1_360' title='bbox 2259 2074 2524 2125; x_wconf 81' lang='lat' dir='ltr'><strong>quaerebatur</strong></span> <span class='ocrx_word' id='word_1_361' title='bbox 2543 2075 2633 2128; x_wconf 89' lang='lat' dir='ltr'><strong>dux,</strong></span> 
     </span>
     <span class='ocr_line' id='line_1_29' title="bbox 334 2131 2631 2192; baseline 0.003 -19"><span class='ocrx_word' id='word_1_362' title='bbox 334 2139 402 2189; x_wconf 88' lang='lat' dir='ltr'><strong>qui</strong></span> <span class='ocrx_word' id='word_1_363' title='bbox 418 2133 702 2188; x_wconf 81' lang='lat' dir='ltr'><strong>praeficeretur</strong></span> <span class='ocrx_word' id='word_1_364' title='bbox 724 2135 901 2186; x_wconf 87' lang='lat' dir='ltr'><strong>negotio.</strong></span> <span class='ocrx_word' id='word_1_365' title='bbox 956 2131 1197 2173; x_wconf 87' lang='lat' dir='ltr'><strong>Recordatio</strong></span> <span class='ocrx_word' id='word_1_366' title='bbox 1221 2138 1353 2174; x_wconf 90' lang='lat' dir='ltr'><strong>autem</strong></span> <span class='ocrx_word' id='word_1_367' title='bbox 1372 2132 1513 2173; x_wconf 88' lang='lat' dir='ltr'><strong>fratris</strong></span> <span class='ocrx_word' id='word_1_368' title='bbox 1540 2136 1685 2185; x_wconf 91' lang='lat' dir='ltr'><strong>occisi,</strong></span> <span class='ocrx_word' id='word_1_369' title='bbox 1715 2134 1809 2186; x_wconf 89' lang='lat' dir='ltr'><strong>quid</strong></span> <span class='ocrx_word' id='word_1_370' title='bbox 1828 2134 1879 2174; x_wconf 87' lang='lat' dir='ltr'><strong>ad</strong></span> <span class='ocrx_word' id='word_1_371' title='bbox 1896 2134 2186 2176; x_wconf 87' lang='lat' dir='ltr'><strong>Timoleontem</strong></span> <span class='ocrx_word' id='word_1_372' title='bbox 2204 2136 2431 2190; x_wconf 83' lang='lat' dir='ltr'><strong>eligendum</strong></span> <span class='ocrx_word' id='word_1_373' title='bbox 2448 2139 2631 2192; x_wconf 86' lang='lat' dir='ltr'><strong>valuerit,</strong></span> 
     </span>
     <span class='ocr_line' id='line_1_30' title="bbox 331 2195 2632 2256; baseline 0.001 -18"><span class='ocrx_word' id='word_1_374' title='bbox 331 2199 529 2249; x_wconf 84' lang='lat' dir='ltr'><strong>explicavi</strong></span> <span class='ocrx_word' id='word_1_375' title='bbox 556 2196 717 2249; x_wconf 87' lang='lat' dir='ltr'><strong>Proleg.</strong></span> <span class='ocrx_word' id='word_1_376' title='bbox 742 2195 799 2246; x_wconf 92' lang='lat'><strong>11,</strong></span> <span class='ocrx_word' id='word_1_377' title='bbox 827 2209 865 2247; x_wconf 90' lang='lat' dir='ltr'><strong>p.</strong></span> <span class='ocrx_word' id='word_1_378' title='bbox 881 2196 920 2235; x_wconf 78' lang='lat'><strong>7.</strong></span> <span class='ocrx_word' id='word_1_379' title='bbox 988 2195 1158 2235; x_wconf 87' lang='lat' dir='ltr'><strong>Tantam</strong></span> <span class='ocrx_word' id='word_1_380' title='bbox 1177 2208 1261 2235; x_wconf 92' lang='lat' dir='ltr'><strong>rem</strong></span> <span class='ocrx_word' id='word_1_381' title='bbox 1285 2196 1442 2247; x_wconf 87' lang='lat' dir='ltr'><strong>publice</strong></span> <span class='ocrx_word' id='word_1_382' title='bbox 1471 2199 1705 2248; x_wconf 88' lang='lat' dir='ltr'><strong>suscepisse</strong></span> <span class='ocrx_word' id='word_1_383' title='bbox 1732 2196 1959 2236; x_wconf 89' lang='lat' dir='ltr'><strong>Corinthios</strong></span> <span class='ocrx_word' id='word_1_384' title='bbox 1983 2210 2072 2238; x_wconf 90' lang='lat' dir='ltr'><strong>eam</strong></span> <span class='ocrx_word' id='word_1_385' title='bbox 2099 2198 2150 2238; x_wconf 86' lang='lat' dir='ltr'><strong>oh</strong></span> <span class='ocrx_word' id='word_1_386' title='bbox 2179 2211 2365 2256; x_wconf 79' lang='lat' dir='ltr'><strong>causam,</strong></span> <span class='ocrx_word' id='word_1_387' title='bbox 2402 2205 2447 2240; x_wconf 89' lang='lat' dir='ltr'><strong>ut</strong></span> <span class='ocrx_word' id='word_1_388' title='bbox 2477 2206 2632 2254; x_wconf 84' lang='lat' dir='ltr'><strong>privata</strong></span> 
     </span>
     <span class='ocr_line' id='line_1_31' title="bbox 330 2257 2630 2317; baseline 0.003 -16"><span class='ocrx_word' id='word_1_389' title='bbox 330 2263 638 2313; x_wconf 89' lang='lat' dir='ltr'><strong>componeretur</strong></span> <span class='ocrx_word' id='word_1_390' title='bbox 662 2257 861 2298; x_wconf 88' lang='lat' dir='ltr'><strong>discordia</strong></span> <span class='ocrx_word' id='word_1_391' title='bbox 885 2261 926 2298; x_wconf 91' lang='lat' dir='ltr'><strong>in</strong></span> <span class='ocrx_word' id='word_1_392' title='bbox 949 2261 1114 2299; x_wconf 86' lang='lat' dir='ltr'><strong>civitate</strong></span> <span class='ocrx_word' id='word_1_393' title='bbox 1138 2270 1215 2299; x_wconf 91' lang='lat' dir='ltr'><strong>sua</strong></span> <span class='ocrx_word' id='word_1_394' title='bbox 1232 2258 1391 2312; x_wconf 90' lang='lat' dir='ltr'><strong>oborta,</strong></span> <span class='ocrx_word' id='word_1_395' title='bbox 1420 2259 1531 2301; x_wconf 89' lang='lat' dir='ltr'><strong>nullo</strong></span> <span class='ocrx_word' id='word_1_396' title='bbox 1552 2258 1668 2301; x_wconf 92' lang='lat' dir='ltr'><strong>modo</strong></span> <span class='ocrx_word' id='word_1_397' title='bbox 1686 2258 1897 2313; x_wconf 90' lang='lat' dir='ltr'><strong>credibile,</strong></span> <span class='ocrx_word' id='word_1_398' title='bbox 1924 2265 2163 2314; x_wconf 88' lang='lat' dir='ltr'><strong>praesertim</strong></span> <span class='ocrx_word' id='word_1_399' title='bbox 2188 2265 2226 2303; x_wconf 89' lang='lat' dir='ltr'><strong>si</strong></span> <span class='ocrx_word' id='word_1_400' title='bbox 2243 2266 2386 2317; x_wconf 82' lang='lat' dir='ltr'><strong>viginti</strong></span> <span class='ocrx_word' id='word_1_401' title='bbox 2403 2270 2496 2305; x_wconf 90' lang='lat' dir='ltr'><strong>ante</strong></span> <span class='ocrx_word' id='word_1_402' title='bbox 2517 2271 2630 2308; x_wconf 89' lang='lat' dir='ltr'><strong>annis</strong></span> 
     </span>
     <span class='ocr_line' id='line_1_32' title="bbox 330 2321 2629 2381; baseline 0.003 -16"><span class='ocrx_word' id='word_1_403' title='bbox 330 2325 600 2375; x_wconf 86' lang='lat' dir='ltr'><strong>Timophanes</strong></span> <span class='ocrx_word' id='word_1_404' title='bbox 622 2326 784 2361; x_wconf 90' lang='lat' dir='ltr'><strong>occisus</strong></span> <span class='ocrx_word' id='word_1_405' title='bbox 801 2322 889 2360; x_wconf 85' lang='lat' dir='ltr'><strong>fuit.</strong></span> <span class='ocrx_word' id='word_1_406' title='bbox 943 2321 1164 2362; x_wconf 85' lang='lat' dir='ltr'><strong>Praeterea</strong></span> <span class='ocrx_word' id='word_1_407' title='bbox 1182 2322 1276 2376; x_wconf 89' lang='lat' dir='ltr'><strong>quid</strong></span> <span class='ocrx_word' id='word_1_408' title='bbox 1295 2323 1343 2361; x_wconf 92' lang='lat' dir='ltr'><strong>de</strong></span> <span class='ocrx_word' id='word_1_409' title='bbox 1365 2323 1623 2376; x_wconf 88' lang='lat' dir='ltr'><strong>Timophanis</strong></span> <span class='ocrx_word' id='word_1_410' title='bbox 1645 2323 1767 2363; x_wconf 89' lang='lat' dir='ltr'><strong>caede</strong></span> <span class='ocrx_word' id='word_1_411' title='bbox 1787 2323 1998 2364; x_wconf 83' lang='lat' dir='ltr'><strong>iudicarint</strong></span> <span class='ocrx_word' id='word_1_412' title='bbox 2021 2336 2069 2365; x_wconf 86' lang='lat' dir='ltr'><strong>ac</strong></span> <span class='ocrx_word' id='word_1_413' title='bbox 2094 2330 2294 2367; x_wconf 88' lang='lat' dir='ltr'><strong>senserint</strong></span> <span class='ocrx_word' id='word_1_414' title='bbox 2312 2327 2524 2381; x_wconf 90' lang='lat' dir='ltr'><strong>Corinthii,</strong></span> <span class='ocrx_word' id='word_1_415' title='bbox 2553 2343 2629 2372; x_wconf 94' lang='lat' dir='ltr'><strong>non</strong></span> 
     </span>
     <span class='ocr_line' id='line_1_33' title="bbox 330 2385 2629 2440; baseline 0.002 -11"><span class='ocrx_word' id='word_1_416' title='bbox 330 2393 432 2429; x_wconf 85' lang='lat' dir='ltr'><strong>satis</strong></span> <span class='ocrx_word' id='word_1_417' title='bbox 461 2392 617 2428; x_wconf 86' lang='lat' dir='ltr'><strong>sincere</strong></span> <span class='ocrx_word' id='word_1_418' title='bbox 643 2386 803 2427; x_wconf 88' lang='lat' dir='ltr'><strong>videtur</strong></span> <span class='ocrx_word' id='word_1_419' title='bbox 822 2385 929 2426; x_wconf 88' lang='lat' dir='ltr'><strong>Schl.</strong></span> <span class='ocrx_word' id='word_1_420' title='bbox 950 2386 1168 2438; x_wconf 79' lang='lat' dir='ltr'><strong>retulisse3</strong></span> <span class='ocrx_word' id='word_1_421' title='bbox 1207 2392 1373 2428; x_wconf 87' lang='lat' dir='ltr'><strong>matrem</strong></span> <span class='ocrx_word' id='word_1_422' title='bbox 1399 2387 1558 2440; x_wconf 86' lang='lat' dir='ltr'><strong>quidem</strong></span> <span class='ocrx_word' id='word_1_423' title='bbox 1583 2387 1848 2428; x_wconf 88' lang='lat' dir='ltr'><strong>Timoleontis</strong></span> <span class='ocrx_word' id='word_1_424' title='bbox 1872 2388 2112 2429; x_wconf 87' lang='lat' dir='ltr'><strong>Plutarchus</strong></span> <span class='ocrx_word' id='word_1_425' title='bbox 2136 2394 2179 2430; x_wconf 91' lang='lat' dir='ltr'><strong>et</strong></span> <span class='ocrx_word' id='word_1_426' title='bbox 2199 2389 2408 2431; x_wconf 89' lang='lat' dir='ltr'><strong>Cornelius</strong></span> <span class='ocrx_word' id='word_1_427' title='bbox 2431 2398 2629 2435; x_wconf 83' lang='lat' dir='ltr'><strong>testantur</strong></span> 
     </span>
     <span class='ocr_line' id='line_1_34' title="bbox 329 2448 2627 2504; baseline 0.004 -13"><span class='ocrx_word' id='word_1_428' title='bbox 329 2465 525 2504; x_wconf 86' lang='lat' dir='ltr'><strong>nunquam</strong></span> <span class='ocrx_word' id='word_1_429' title='bbox 542 2454 749 2504; x_wconf 86' lang='lat' dir='ltr'><strong>ignovisse</strong></span> <span class='ocrx_word' id='word_1_430' title='bbox 775 2448 851 2489; x_wconf 89' lang='lat' dir='ltr'><strong>filii</strong></span> <span class='ocrx_word' id='word_1_431' title='bbox 876 2449 1145 2503; x_wconf 80' lang='lat' dir='ltr'><strong>interfectori3</strong></span> <span class='ocrx_word' id='word_1_432' title='bbox 1184 2455 1227 2490; x_wconf 90' lang='lat' dir='ltr'><strong>at</strong></span> <span class='ocrx_word' id='word_1_433' title='bbox 1245 2453 1385 2491; x_wconf 90' lang='lat' dir='ltr'><strong>civium</strong></span> <span class='ocrx_word' id='word_1_434' title='bbox 1403 2449 1644 2491; x_wconf 86' lang='lat' dir='ltr'><strong>Plutarchus</strong></span> <span class='ocrx_word' id='word_1_435' title='bbox 1663 2455 1704 2491; x_wconf 92' lang='lat' dir='ltr'><strong>et</strong></span> <span class='ocrx_word' id='word_1_436' title='bbox 1723 2449 1925 2492; x_wconf 89' lang='lat' dir='ltr'><strong>Diodorus</strong></span> <span class='ocrx_word' id='word_1_437' title='bbox 1947 2456 2133 2493; x_wconf 90' lang='lat' dir='ltr'><strong>auctores</strong></span> <span class='ocrx_word' id='word_1_438' title='bbox 2158 2459 2252 2495; x_wconf 89' lang='lat' dir='ltr'><strong>sunt</strong></span> <span class='ocrx_word' id='word_1_439' title='bbox 2270 2458 2405 2497; x_wconf 82' lang='lat' dir='ltr'><strong>varias</strong></span> <span class='ocrx_word' id='word_1_440' title='bbox 2426 2456 2555 2500; x_wconf 87' lang='lat' dir='ltr'><strong>fuisse</strong></span> <span class='ocrx_word' id='word_1_441' title='bbox 2577 2458 2627 2500; x_wconf 88' lang='lat' dir='ltr'><strong>de</strong></span> 
     </span>
     <span class='ocr_line' id='line_1_35' title="bbox 326 2505 2625 2577; baseline 0.003 -20"><span class='ocrx_word' id='word_1_442' title='bbox 326 2517 468 2557; x_wconf 85' lang='lat' dir='ltr'><strong>eadem</strong></span> <span class='ocrx_word' id='word_1_443' title='bbox 484 2528 527 2555; x_wconf 88' lang='lat' dir='ltr'><strong>re</strong></span> <span class='ocrx_word' id='word_1_444' title='bbox 548 2517 768 2554; x_wconf 84' lang='lat' dir='ltr'><strong>sententias</strong></span> <span class='ocrx_word' id='word_1_445' title='bbox 781 2542 794 2564; x_wconf 93' lang='lat'>‚</span> <span class='ocrx_word' id='word_1_446' title='bbox 823 2512 917 2552; x_wconf 87' lang='lat' dir='ltr'><strong>aliis</strong></span> <span class='ocrx_word' id='word_1_447' title='bbox 942 2513 1198 2555; x_wconf 86' lang='lat' dir='ltr'><strong>laudantibus</strong></span> <span class='ocrx_word' id='word_1_448' title='bbox 1216 2514 1342 2562; x_wconf 86' lang='lat' dir='ltr'><strong>(Plut.</strong></span> <span class='ocrx_word' id='word_1_449' title='bbox 1362 2516 1400 2566; x_wconf 84' lang='lat'><strong>5,</strong></span> <span class='ocrx_word' id='word_1_450' title='bbox 1422 2517 1460 2555; x_wconf 89' lang='lat'><strong>1.</strong></span> <span class='ocrx_word' id='word_1_451' title='bbox 1490 2506 1630 2567; x_wconf 69' lang='grc' dir='ltr'>οἱμὲν</span> <span class='ocrx_word' id='word_1_452' title='bbox 1651 2526 1682 2554; x_wconf 88' lang='grc' dir='ltr'><strong><em>κ</em></strong></span> <span class='ocrx_word' id='word_1_453' title='bbox 1689 2505 1900 2570; x_wconf 74' lang='grc' dir='ltr'>ροίτιστ</span> <span class='ocrx_word' id='word_1_454' title='bbox 1914 2527 1956 2556; x_wconf 83' lang='grc' dir='ltr'><strong>οι</strong></span> <span class='ocrx_word' id='word_1_455' title='bbox 1984 2506 2176 2558; x_wconf 61' lang='grc' dir='ltr'><strong>ε’ππὶνουν</strong></span> <span class='ocrx_word' id='word_1_456' title='bbox 2206 2509 2291 2559; x_wconf 64' lang='grc' dir='ltr'><strong>τοῖν</strong></span> <span class='ocrx_word' id='word_1_457' title='bbox 2309 2514 2625 2577; x_wconf 76' lang='grc' dir='ltr'><strong>μισοπονηρίαν</strong></span> 
     </span>
     <span class='ocr_line' id='line_1_36' title="bbox 325 2568 2624 2639; baseline 0.003 -19"><span class='ocrx_word' id='word_1_458' title='bbox 325 2571 407 2621; x_wconf 64' lang='grc' dir='ltr'><strong>καὶ</strong></span> <span class='ocrx_word' id='word_1_459' title='bbox 423 2568 804 2630; x_wconf 68' lang='grc' dir='ltr'><strong>μεγαλοψυχίαν</strong></span> <span class='ocrx_word' id='word_1_460' title='bbox 824 2573 905 2617; x_wconf 81' lang='grc' dir='ltr'><strong>τοῦ</strong></span> <span class='ocrx_word' id='word_1_461' title='bbox 925 2569 1264 2627; x_wconf 81' lang='grc' dir='ltr'>Τιμολέοντος),</span> <span class='ocrx_word' id='word_1_462' title='bbox 1290 2578 1383 2618; x_wconf 80' lang='lat' dir='ltr'><strong>aliis</strong></span> <span class='ocrx_word' id='word_1_463' title='bbox 1409 2578 1752 2631; x_wconf 77' lang='lat' dir='ltr'><strong>vituperantibus3</strong></span> <span class='ocrx_word' id='word_1_464' title='bbox 1788 2584 1909 2629; x_wconf 90' lang='lat' dir='ltr'><strong>utque</strong></span> <span class='ocrx_word' id='word_1_465' title='bbox 1939 2583 2190 2620; x_wconf 89' lang='lat' dir='ltr'><strong>verissimum</strong></span> <span class='ocrx_word' id='word_1_466' title='bbox 2215 2587 2301 2633; x_wconf 89' lang='lat' dir='ltr'><strong>est,</strong></span> <span class='ocrx_word' id='word_1_467' title='bbox 2338 2596 2440 2622; x_wconf 86' lang='lat' dir='ltr'><strong>nunc</strong></span> <span class='ocrx_word' id='word_1_468' title='bbox 2468 2588 2504 2625; x_wconf 89' lang='lat' dir='ltr'><strong>si</strong></span> <span class='ocrx_word' id='word_1_469' title='bbox 2534 2589 2624 2639; x_wconf 91' lang='lat' dir='ltr'><strong>quis</strong></span> 
     </span>
     <span class='ocr_line' id='line_1_37' title="bbox 323 2640 2623 2695; baseline 0.003 -12"><span class='ocrx_word' id='word_1_470' title='bbox 323 2644 406 2684; x_wconf 81' lang='lat' dir='ltr'><strong>tale</strong></span> <span class='ocrx_word' id='word_1_471' title='bbox 424 2643 583 2682; x_wconf 82' lang='lat' dir='ltr'><strong>facinus</strong></span> <span class='ocrx_word' id='word_1_472' title='bbox 602 2645 762 2693; x_wconf 86' lang='lat' dir='ltr'><strong>patrare</strong></span> <span class='ocrx_word' id='word_1_473' title='bbox 781 2652 907 2680; x_wconf 88' lang='lat' dir='ltr'><strong>ausus</strong></span> <span class='ocrx_word' id='word_1_474' title='bbox 929 2644 1065 2691; x_wconf 91' lang='lat' dir='ltr'><strong>esset,</strong></span> <span class='ocrx_word' id='word_1_475' title='bbox 1102 2654 1180 2680; x_wconf 90' lang='lat' dir='ltr'><strong>uno</strong></span> <span class='ocrx_word' id='word_1_476' title='bbox 1197 2653 1290 2681; x_wconf 91' lang='lat' dir='ltr'><strong>eum</strong></span> <span class='ocrx_word' id='word_1_477' title='bbox 1310 2653 1445 2681; x_wconf 91' lang='lat' dir='ltr'><strong>omnes</strong></span> <span class='ocrx_word' id='word_1_478' title='bbox 1457 2671 1469 2693; x_wconf 94' lang='lat'><strong>,</strong></span> <span class='ocrx_word' id='word_1_479' title='bbox 1507 2645 1575 2695; x_wconf 90' lang='lat' dir='ltr'><strong>qui</strong></span> <span class='ocrx_word' id='word_1_480' title='bbox 1595 2640 1759 2693; x_wconf 84' lang='lat' dir='ltr'><strong>quidem</strong></span> <span class='ocrx_word' id='word_1_481' title='bbox 1785 2647 1994 2693; x_wconf 88' lang='lat' dir='ltr'><strong>saperent,</strong></span> <span class='ocrx_word' id='word_1_482' title='bbox 2032 2655 2231 2685; x_wconf 89' lang='lat' dir='ltr'><strong>consensu</strong></span> <span class='ocrx_word' id='word_1_483' title='bbox 2248 2644 2503 2687; x_wconf 84' lang='lat' dir='ltr'><strong>damnaturos</strong></span> <span class='ocrx_word' id='word_1_484' title='bbox 2527 2661 2623 2690; x_wconf 87' lang='lat' dir='ltr'><strong>esse</strong></span> 
     </span>
     <span class='ocr_line' id='line_1_38' title="bbox 323 2704 2621 2766; baseline 0.003 -21"><span class='ocrx_word' id='word_1_485' title='bbox 323 2719 370 2746; x_wconf 91' lang='lat' dir='ltr'><strong>ac</strong></span> <span class='ocrx_word' id='word_1_486' title='bbox 388 2706 686 2753; x_wconf 84' lang='lat' dir='ltr'><strong>detestaturos,</strong></span> <span class='ocrx_word' id='word_1_487' title='bbox 715 2706 773 2742; x_wconf 88' lang='lat' dir='ltr'><strong>ita</strong></span> <span class='ocrx_word' id='word_1_488' title='bbox 790 2707 973 2756; x_wconf 87' lang='lat' dir='ltr'><strong>antiquae</strong></span> <span class='ocrx_word' id='word_1_489' title='bbox 987 2706 1163 2745; x_wconf 87' lang='lat' dir='ltr'><strong>civitatis</strong></span> <span class='ocrx_word' id='word_1_490' title='bbox 1178 2707 1339 2758; x_wconf 86' lang='lat' dir='ltr'><strong>ingenio</strong></span> <span class='ocrx_word' id='word_1_491' title='bbox 1361 2708 1500 2760; x_wconf 84' lang='lat' dir='ltr'><strong>negari</strong></span> <span class='ocrx_word' id='word_1_492' title='bbox 1528 2706 1665 2758; x_wconf 85' lang='lat' dir='ltr'><strong>nequit</strong></span> <span class='ocrx_word' id='word_1_493' title='bbox 1691 2708 1999 2746; x_wconf 88' lang='lat' dir='ltr'><strong>consentaneum</strong></span> <span class='ocrx_word' id='word_1_494' title='bbox 2023 2704 2177 2756; x_wconf 83' lang='lat' dir='ltr'><strong>fuisse,</strong></span> <span class='ocrx_word' id='word_1_495' title='bbox 2203 2711 2251 2749; x_wconf 91' lang='lat' dir='ltr'><strong>ut</strong></span> <span class='ocrx_word' id='word_1_496' title='bbox 2264 2711 2437 2762; x_wconf 86' lang='lat' dir='ltr'><strong>optimus</strong></span> <span class='ocrx_word' id='word_1_497' title='bbox 2453 2714 2621 2766; x_wconf 83' lang='lat' dir='ltr'><strong>quisque</strong></span> 
     </span>
    </p>
   </div>
   <div class='ocr_carea' id='block_1_6' title="bbox 360 2877 2619 2991">
    <p class='ocr_par' dir='ltr' id='par_1_6' title="bbox 360 2877 2619 2991">
     <span class='ocr_line' id='line_1_39' title="bbox 360 2877 2619 2930; baseline 0.005 -19"><span class='ocrx_word' id='word_1_498' title='bbox 360 2884 396 2921; x_wconf 65' lang='lat'><strong>³⁸)</strong></span> <span class='ocrx_word' id='word_1_499' title='bbox 418 2879 621 2912; x_wconf 81' lang='lat' dir='ltr'><strong>Plutarchus</strong></span> <span class='ocrx_word' id='word_1_500' title='bbox 644 2882 780 2924; x_wconf 77' lang='lat' dir='ltr'><strong>scripsit</strong></span> <span class='ocrx_word' id='word_1_501' title='bbox 807 2877 1069 2927; x_wconf 70' lang='grc' dir='ltr'><strong>οΞΣικελιῶηιις</strong></span> <span class='ocrx_word' id='word_1_502' title='bbox 1097 2885 1262 2917; x_wconf 87' lang='lat' dir='ltr'><strong>nimirum</strong></span> <span class='ocrx_word' id='word_1_503' title='bbox 1289 2891 1476 2927; x_wconf 78' lang='lat' dir='ltr'><strong>propterea</strong></span> <span class='ocrx_word' id='word_1_504' title='bbox 1505 2882 1627 2915; x_wconf 76' lang='lat' dir='ltr'><strong>maluit</strong></span> <span class='ocrx_word' id='word_1_505' title='bbox 1648 2884 1790 2916; x_wconf 77' lang='lat' dir='ltr'><strong>nomine</strong></span> <span class='ocrx_word' id='word_1_506' title='bbox 1819 2883 1920 2917; x_wconf 84' lang='lat' dir='ltr'><strong>latius</strong></span> <span class='ocrx_word' id='word_1_507' title='bbox 1939 2890 2079 2927; x_wconf 77' lang='lat' dir='ltr'><strong>patente</strong></span> <span class='ocrx_word' id='word_1_508' title='bbox 2102 2886 2171 2927; x_wconf 80' lang='lat' dir='ltr'><strong>uti,</strong></span> <span class='ocrx_word' id='word_1_509' title='bbox 2201 2888 2282 2929; x_wconf 83' lang='lat' dir='ltr'><strong>quia</strong></span> <span class='ocrx_word' id='word_1_510' title='bbox 2300 2886 2429 2930; x_wconf 79' lang='lat' dir='ltr'><strong>legatos</strong></span> <span class='ocrx_word' id='word_1_511' title='bbox 2450 2890 2619 2922; x_wconf 79' lang='lat' dir='ltr'><strong>miserum</strong></span> 
     </span>
     <span class='ocr_line' id='line_1_40' title="bbox 402 2934 2615 2991; baseline 0.006 -26"><span class='ocrx_word' id='word_1_512' title='bbox 402 2944 475 2965; x_wconf 87' lang='lat' dir='ltr'><strong>non</strong></span> <span class='ocrx_word' id='word_1_513' title='bbox 497 2940 583 2973; x_wconf 82' lang='lat' dir='ltr'><strong>tam,</strong></span> <span class='ocrx_word' id='word_1_514' title='bbox 620 2936 680 2974; x_wconf 88' lang='lat' dir='ltr'><strong>qui</strong></span> <span class='ocrx_word' id='word_1_515' title='bbox 702 2934 877 2976; x_wconf 74' lang='lat' dir='ltr'><strong>Syracusis</strong></span> <span class='ocrx_word' id='word_1_516' title='bbox 907 2942 984 2966; x_wconf 76' lang='lat' dir='ltr'><strong>tum</strong></span> <span class='ocrx_word' id='word_1_517' title='bbox 1013 2934 1173 2969; x_wconf 74' lang='lat' dir='ltr'><strong>vivebant</strong></span> <span class='ocrx_word' id='word_1_518' title='bbox 1202 2937 1265 2969; x_wconf 73' lang='lat' dir='ltr'><strong>nub</strong></span> <span class='ocrx_word' id='word_1_519' title='bbox 1295 2939 1445 2980; x_wconf 84' lang='lat' dir='ltr'><strong>imperio</strong></span> <span class='ocrx_word' id='word_1_520' title='bbox 1467 2936 1648 2978; x_wconf 79' lang='lat' dir='ltr'><strong>Dionysii,</strong></span> <span class='ocrx_word' id='word_1_521' title='bbox 1679 2948 1782 2980; x_wconf 81' lang='lat' dir='ltr'><strong>quam</strong></span> <span class='ocrx_word' id='word_1_522' title='bbox 1811 2939 1990 2981; x_wconf 74' lang='lat' dir='ltr'><strong>optimate·</strong></span> <span class='ocrx_word' id='word_1_523' title='bbox 2020 2937 2064 2988; x_wconf 74' lang='grc' dir='ltr'><strong>(οἱ</strong></span> <span class='ocrx_word' id='word_1_524' title='bbox 2077 2941 2259 2983; x_wconf 69' lang='grc' dir='ltr'><strong>βίλτιστοι</strong></span> <span class='ocrx_word' id='word_1_525' title='bbox 2277 2940 2339 2978; x_wconf 68' lang='grc' dir='ltr'><strong>καὶ</strong></span> <span class='ocrx_word' id='word_1_526' title='bbox 2352 2938 2615 2991; x_wconf 51' lang='lat' dir='ltr'><strong>quaeipsis-aru)</strong></span> 
     </span>
    </p>
   </div>
   <div class='ocr_carea' id='block_1_7' title="bbox 402 2984 1071 3031">
    <p class='ocr_par' dir='ltr' id='par_1_7' title="bbox 402 2984 1071 3031">
     <span class='ocr_line' id='line_1_41' title="bbox 402 2984 1071 3031; baseline 0.003 -13"><span class='ocrx_word' id='word_1_527' title='bbox 402 2988 468 3030; x_wconf 88' lang='lat' dir='ltr'><strong>qui</strong></span> <span class='ocrx_word' id='word_1_528' title='bbox 486 2987 569 3019; x_wconf 83' lang='lat' dir='ltr'><strong>inde</strong></span> <span class='ocrx_word' id='word_1_529' title='bbox 591 2985 635 3018; x_wconf 74' lang='lat' dir='ltr'><strong>ad</strong></span> <span class='ocrx_word' id='word_1_530' title='bbox 657 2984 812 3020; x_wconf 64' lang='lat' dir='ltr'><strong>moutam</strong></span> <span class='ocrx_word' id='word_1_531' title='bbox 831 2986 1071 3031; x_wconf 84' lang='lat' dir='ltr'><strong>profugerant.</strong></span> 
     </span>
    </p>
   </div>
  </div>
 </body>
</html>
