2888 3512
1 2107 37 2440 1-2345031-›2254‘124522
16 2072 20 2084 ·-
13 2009 33 2046 -5-
0 1869 33 1992 »22:2⁷5

0 2542 60 3512 Wefffflafflyma
11 2445 27 2458 -,

1218 297 1480 339 ..15-

211 433 358 484 trahat,
374 430 480 485 quod
488 429 554 470 hic
560 428 743 483 perhibet
760 430 945 479 scriptor,
955 425 1191 481 Dionysium
1199 438 1367 468 narrans
1375 438 1455 467 una
1464 425 1553 467 navi
1562 429 1605 466 et
1620 435 1708 465 cum
1717 428 1875 479 exiguis
1886 423 2145 466 facultatibus
2155 428 2369 467 traiecisse
2386 428 2427 465 in
2436 424 2508 465 Pc-

212 500 483 550 loponnesum.
538 494 583 534 ld
602 493 706 545 qnod
724 491 1004 532 Schlosseru'm
1022 491 1172 531 fecisse
1192 496 1305 544 patet
1318 503 1368 530 ex
1386 494 1462 542 iis,
1491 500 1592 543 quae
1611 500 1734 541 supra
1758 501 1808 529 ex
1832 493 1921 529 eius
1940 490 2043 529 libro
2061 494 2411 543 transscripsimus
2431 501 2508 528 non

213 565 301 602 sine
319 572 421 600 nova
438 558 607 612 quadam
624 556 808 608 Dionysii
829 554 947 595 laude
964 555 1082 595 dicta.
1136 554 1191 595 Et
1204 555 1384 607 profecto
1403 567 1534 594 rerum
1550 553 1645 593 olim
1667 558 1873 606 gestarum
1898 557 2177 606 investigator-i
2201 555 2257 593 nil
2272 557 2420 606 poterit
2441 552 2509 592 vel

213 626 484 679 praestantius
500 621 566 661 vel
581 621 739 672 gratius
753 621 983 672 contingere
994 648 1006 670 ,
1036 630 1153 672 quam
1171 623 1217 658 ut
1234 622 1417 659 veritatis
1437 618 1565 658 lucem
1580 617 1753 657 afferens
1769 617 1890 657 rebus
1910 617 1975 658 vel
1991 617 2210 657 mendaciis
2229 623 2347 670 atque
2364 619 2508 655 errori·

213 691 310 739 bus,
338 687 403 727 vel
419 687 622 725 vetustate
640 682 866 724 obscuratis
885 683 1085 721 hominum
1106 682 1226 721 simul
1250 683 1463 722 illustrium
1482 684 1644 736 ingenia
1662 681 1712 720 ab
1735 686 1895 734 antiqua
1912 681 2058 721 liberet
2075 680 2245 731 invidia,
2273 693 2321 720 ac
2339 680 2508 720 meliora

212 752 343 793 fuisse
358 749 615 796 demonstret,
644 757 762 798 quam
782 745 914 785 fixisse
933 745 1054 799 vulgo
1073 744 1303 799 credantur3
1331 746 1404 787 sed
1426 745 1665 800 Dionysium
1691 750 1898 798 tyrannum
1925 746 2122 787 adversus
2146 757 2390 785 communem
2409 746 2507 783 anti-

214 818 379 869 quitatis
398 821 635 851 consensum
652 813 771 848 tuens
792 808 1058 848 Schlosserus
1074 822 1218 850 vereor
1238 823 1289 849 ne
1303 813 1433 850 minus
1452 809 1579 850 firmis
1604 813 1719 849 nisus
1738 809 1859 849 fuerit
1876 814 2147 865 argumentis3
2185 821 2288 862 quae
2304 821 2399 848 vero
2418 818 2509 847 cum

214 877 504 920 Corinthiorum
533 875 804 911 criminatione
829 872 1006 924 loquitur
1031 872 1081 912 de
1104 874 1267 913 violatis
1291 877 1406 927 pacis
1423 874 1736 925 conditionibus,
1764 876 1921 913 etiamsi
1946 885 2018 926 pro
2035 878 2150 915 'veris
2175 873 2325 913 habere
2346 881 2508 926 cogere-

213 956 321 993 mur,
351 939 494 980 saltem
512 935 717 976 Plutarchi
734 936 853 976 fidem
871 949 948 975 non
966 943 1134 989 possent
1148 942 1206 977 ita
1223 943 1451 990 suspectam
1469 937 1656 990 reddere,
1685 942 1730 977 ut
1748 949 1838 977 eum
1851 937 1989 976 fallaci
2007 938 2174 991 quodam
2196 938 2355 977 ductum
2374 934 2506 977 studio

216 1006 296 1047 alia
311 1001 537 1058 prodidisse
553 1003 810 1053 putaremus,
836 1000 918 1040 alia
937 1000 1122 1041 consulto
1141 1000 1434 1042 dissimulasse.
2397 1020 2401 1023 ,

318 1068 458 1118 Pergit
476 1063 605 1103 Schl.:
633 1063 871 1114 „Timoleon
883 1063 994 1103 ward
1012 1077 1088 1103 von
1104 1063 1241 1104 lketas
1255 1064 1336 1106 und
1352 1064 1427 1104 den
1443 1062 1697 1119 Karthagern
1711 1065 1803 1104 hart
1819 1063 2060 1118 bedrangt.“
2119 1061 2230 1104 Haec
2253 1076 2380 1116 neque
2404 1062 2509 1115 apud

215 1131 429 1173 Diodorum
448 1127 656 1181 leguntur,
684 1140 813 1180 neque
830 1128 935 1181 apud
955 1128 1230 1180 Plutarchum,
1260 1133 1327 1182 qui
1346 1132 1383 1169 si
1403 1141 1500 1169 vera
1520 1128 1702 1179 tradidit,
1740 1141 1791 1169 ne
1813 1132 1944 1181 potuit
1960 1128 2119 1181 quidem
2136 1127 2344 1168 Timoleon
2371 1127 2421 1166 ab
2441 1125 2509 1165 Hi-

215 1200 303 1236 ceta
318 1198 360 1232 et
371 1191 770 1244 Carthaginiensibus
787 1195 967 1245 graviter
980 1196 1130 1245 urgeri,
1151 1192 1256 1246 quod
1273 1196 1363 1244 ipse
1378 1196 1461 1232 tum
1478 1192 1617 1244 procul
1629 1191 1846 1244 Syracusis
1862 1193 2013 1244 aberat,
2035 1192 2159 1233 Poeni
2177 1203 2273 1231 vero
2289 1195 2331 1231 et
2346 1189 2512 1230 Hicetas

216 1261 351 1310 copias
372 1267 470 1294 suas
492 1257 533 1293 in
548 1254 647 1293 urbe
665 1255 929 1294 continebant.
982 1254 1140 1295 Deinde
1155 1268 1258 1308 quae
1277 1255 1384 1295 Schl.
1406 1261 1560 1307 narrat,
1590 1255 1836 1307 Corinthios,
1875 1260 1940 1308 qui
1970 1259 2052 1296 arci
2076 1255 2277 1309 praesidio
2299 1258 2434 1304 erant,
2472 1255 2512 1292 in

217 1331 368 1362 summa
385 1317 516 1358 fuisse
534 1316 720 1357 frumenti
738 1320 891 1371 inopia,
920 1318 993 1359 sed
1016 1318 1167 1359 Catana
1188 1319 1325 1359 furtim
1351 1319 1547 1359 interdum
1574 1320 1787 1358 subvectos
1809 1332 1904 1358 esse
1928 1325 2192 1369 commeatus,
2221 1332 2271 1357 ea
2288 1331 2338 1357 ex
2356 1318 2511 1356 Plutar-

216 1387 278 1424 chi
295 1384 490 1422 desumsit
507 1380 632 1431 libro,
661 1393 791 1433 neque
812 1393 908 1420 vero
932 1394 982 1421 ex
1006 1381 1343 1433 eodem‘addidit‚
1381 1387 1544 1435 propter
1572 1383 1673 1422 hanc
1701 1386 1828 1435 ipsam
1853 1396 2019 1423 causam
2043 1388 2208 1423 conatos
2232 1394 2327 1422 esse
2350 1379 2509 1421 Poenos

217 1458 409 1499 occupare
424 1444 635 1494 catanam,
664 1458 743 1496 quo
757 1448 987 1496 priusquam
1002 1449 1299 1496 pervenissent,
1327 1450 1465 1484 nuntio
1479 1446 1728 1485 Achradinae
1744 1459 1769 1484 a
1786 1445 1926 1485 Neone
1944 1446 2160 1497 Corinthio,
2188 1444 2378 1498 praesidii
2397 1454 2511 1496 prae-

216 1513 345 1562 fecto,
373 1511 583 1562 repentina
595 1510 814 1560 irruptione
831 1512 972 1560 captae
990 1511 1227 1570 perterritos
1248 1509 1421 1548 rediisse
1442 1509 1680 1561 Syracusas.
1736 1509 1849 1548 Quae
1874 1514 2059 1549 continuo
2082 1510 2247 1548 adiecit.
2277 1508 2408 1559 „doch
2425 1518 2513 1545 war

215 1579 349 1628 wenig
365 1572 578 1623 Aussicht‚
596 1570 789 1657 ‘Syrakus
813 1583 865 1611 zu
891 1571 1092 1624 befreien,
1120 1584 1237 1613 wenn
1257 1571 1391 1625 gleich
1409 1571 1472 1612 die
1490 1570 1721 1612 Korinthier
1738 1571 1848 1612 2⁰⁰0
1861 1571 1919 1611 Μ.
1937 1573 2111 1612 frisches
2126 1571 2320 1611 Fussvolk
2340 1562 2420 1610 und
2435 1568 2518 1610 m

216 1639 354 1678 Reiter
372 1636 608 1684 sendeten,“
634 1635 735 1673 haec
749 1635 1011 1686 probabiliter
1033 1640 1173 1674 essent
1188 1635 1317 1685 dicta,
1346 1639 1382 1674 si
1404 1640 1444 1674 in
1462 1636 1644 1674 omnibus
1670 1641 1867 1687 sequutus
1885 1641 1999 1674 esset
2018 1635 2295 1685 Plutarchum,
2326 1646 2403 1686 quo
2425 1645 2514 1671 aue-

217 1706 304 1741 tore
321 1698 527 1740 Timoleon
546 1702 629 1738 tum
649 1702 811 1750 praeter
829 1709 962 1737 arcem
982 1698 1038 1738 nil
1063 1698 1224 1738 tenebat
1249 1698 1427 1749 reliquae
1453 1698 1587 1748 urbis3
1620 1703 1663 1736 at
1684 1701 1742 1747 si,
1774 1698 1879 1749 quod
1900 1698 2006 1737 Schl.
2032 1698 2152 1750 paulo
2175 1704 2267 1737 ante
2299 1696 2512 1736 secundum

216 1764 433 1804 Diodorum
449 1764 719 1811 asseveravit,
747 1773 892 1815 magna
907 1761 1018 1801 urbis
1034 1773 1130 1814 pars
1147 1765 1225 1801 iam
1244 1765 1327 1800 tum
1345 1764 1383 1800 in
1401 1760 1664 1801 Timoleontis
1680 1765 1768 1800 erat
1784 1766 2000 1813 potestate,
2029 1761 2208 1813 profecto
2228 1775 2303 1800 non
2324 1766 2388 1800 est
2407 1759 2512 1811 quod

219 1832 442 1880 opinemur,
469 1831 551 1864 tam
569 1828 754 1877 exiguam
772 1825 902 1863 fuisse
918 1825 1157 1864 Timoleonti
1175 1836 1287 1876 spem
1303 1824 1531 1863 liberandae
1550 1825 1661 1864 urbis
1671 1853 1683 1875 ,
1711 1828 1949 1877 praesertim
1968 1837 2086 1877 quum
2104 1823 2285 1864 subsidia
2299 1823 2405 1864 haud
2423 1835 2512 1863 con-

218 1890 426 1932 temnenda
443 1889 727 1930 submisissent
747 1888 952 1928 Corinthii.

321 1954 457 1994 Schl.:
493 1951 622 2005 „Zum
642 1951 770 1991 Glixck
788 1956 993 1991 vertraute
1020 1950 1091 1991 der
1113 1949 1409 2005 Karthagische
1426 1941 1620 1992 Fesdherr
1641 1956 1791 1992 seinem
1810 1952 1994 1993 Freunde
2016 1953 2099 1992 fast
2125 1953 2225 1993 noch
2246 1955 2428 2004 weniger
2449 1950 2513 1989 als

222 2022 372 2058 seinem
388 2017 557 2067 Peinde,
595 2015 675 2055 und
699 2015 867 2054 verdarb
896 2015 1018 2054 durch
1045 2015 1320 2054 fibertriebene
1342 2014 1665 2067 Aengstlichkeit
1691 2018 1801 2054 scine
1828 2019 1996 2068 eigenen
2014 2016 2394 2069 Angelegenheiten.
2450 2013 2515 2052 Da

221 2093 266 2121 er
283 2081 454 2121 niimlich
479 2079 553 2120 den
575 2077 980 2119 fi-eundschafflichen
995 2076 1175 2118 Verkehr
1201 2077 1271 2118 der
1288 2077 1473 2130 Truppen
1498 2077 1570 2118 des
1587 2077 1723 2118 Iketas
1748 2083 1821 2119 mit
1848 2080 1922 2119 den
1940 2080 2190 2134 Syrakusern
2208 2079 2436 2133 gewahrte,
2467 2090 2514 2116 so

221 2146 384 2198 glaubte
403 2157 449 2185 er
466 2145 553 2183 sich
563 2174 575 2195 ,
603 2146 743 2184 mitten
758 2146 812 2182 im
827 2142 1113 2182 Griechischen
1128 2142 1283 2193 Laude,
1311 2141 1476 2181 randum
1496 2155 1573 2181 von
1588 2141 1762 2182 Verrath
1779 2144 1859 2183 und
1875 2145 2001 2184 offner
2017 2143 2174 2183 Gewalt
2191 2143 2387 2197 umgeben
2399 2171 2410 2192 ,
2437 2140 2517 2180 und

222 2211 311 2248 sein
325 2207 537 2247 Beer-war
560 2207 649 2247 dem
668 2206 971 2257 Griechisehen,
1010 2205 1152 2246 sobald
1179 2218 1224 2246 er
1242 2206 1328 2246 sich
1353 2205 1425 2245 auf
1442 2205 1578 2245 lketas
1602 2206 1711 2245 nicht
1733 2207 1944 2247 verlassen
1965 2209 2130 2258 konnte,
2167 2208 2420 2257 keineswegs
2448 2217 2516 2257 ge·

222 2272 432 2321 wachsen3
468 2283 515 2309 er
540 2284 621 2323 zog
638 2270 725 2309 sich
748 2269 872 2309 dalier
895 2269 1088 2321 plotzlicb
1115 2272 1155 2308 in
1181 2268 1255 2309 den
1275 2269 1594 2322 Karthagisehen
1615 2260 1734 2309 Th‘eil
1762 2270 1833 2310 der
1848 2269 1955 2310 Insel
1976 2271 2170 2311 zuriick.“
2231 2270 2273 2309 ln
2302 2269 2365 2308 his
2385 2270 2517 2307 minus

223 2338 336 2375 recte
349 2346 438 2373 eum
456 2332 721 2385 Syracusanis
746 2332 927 2373 &cuntur
944 2333 1094 2372 milites
1115 2332 1282 2372 nicetae
1299 2336 1531 2372 mercenarii
1558 2345 1765 2372 semones
1784 2335 1907 2388 vulgo
1935 2336 2176 2385 contulisse,
2205 2334 2345 2385 quibus
2364 2336 2519 2383 perter-

224 2402 342 2437 ritum
361 2396 576 2448 Magonem
597 2400 784 2436 timuisse
800 2410 849 2436 ne
868 2396 1092 2449 proditione
1114 2399 1471 2436 circumveniretur.
1536 2395 1642 2436 Nam
1670 2399 1954 2437 conveniebant
1982 2402 2086 2437 inter
2114 2410 2159 2436 se
2177 2409 2249 2448 per
2274 2395 2519 2447 proeliorum

224 2460 435 2500 intervalla
446 2460 489 2498 et
505 2459 861 2500 confabulabantur
879 2464 948 2512 qui
968 2464 1008 2499 in
1025 2459 1190 2499 Hicetae
1207 2463 1383 2498 exercitu
1399 2464 1514 2498 erant
1542 2464 1774 2500 mercenarii
1792 2461 1931 2500 Graeci
1952 2474 2038 2501 cum
2069 2464 2140 2511 iis,
2170 2462 2236 2513 qui
2259 2458 2366 2512 apud
2384 2457 2520 2499 corin·

141 2537 154 2548 ·
224 2525 331 2565 thios
349 2520 546 2575 stipendia
561 2522 778 2563 merebant.
832 2523 975 2576 Neqne
998 2537 1094 2564 vero
1112 2523 1211 2563 haec
1232 2524 1322 2563 sola
1344 2537 1467 2562 causa
1483 2529 1679 2575 permovit
1695 2525 1930 2578 Magonem,
1968 2531 2013 2563 ut
2028 2525 2242 2576 Syracusis
2265 2527 2418 2573 exiret,
2448 2522 2519 2561 sed

225 2590 407 2637 maxime,
436 2584 542 2639 quod
550 2585 841 2628 Corinthiorum
857 2591 967 2628 vires
986 2592 1080 2640 post
1098 2586 1305 2628 adventum
1324 2586 1592 2627 subsidiorum
1607 2601 1848 2641 magnopere
1873 2593 1986 2628 erant
2002 2593 2156 2627 anctae.
2212 2587 2401 2627 Ceterum
2420 2597 2518 2638 quae

225 2650 433 2689 Diodorus«
447 2662 495 2688 ac
507 2649 746 2688 Plutarchus
766 2650 901 2691 dixere
922 2651 973 2692 de
996 2663 1159 2692 numero
1177 2650 1395 2691 Poenorum
1415 2652 1457 2690 si·
1473 2663 1549 2690 non
1566 2654 1684 2692 nimis
1705 2652 1870 2692 multum
1889 2657 1980 2692 sunt
1996 2665 2021 2692 a
2039 2654 2210 2692 veritate
2227 2650 2437 2699 distantia,
2467 2659 2519 2688 ne

227 2713 354 2754 dicam
367 2726 483 2765 vera,
511 2715 797 2764 animo-potius
811 2728 929 2766 quam
946 2720 1074 2767 copiis
1084 2716 1298 2769 Magonem
1314 2713 1526 2766 putandum
1544 2719 1622 2753 erit
1639 2716 1866 2753 inferiorem
1883 2715 2012 2753 fuisse
2038 2716 2237 2755 hostibus.
2292 2712 2392 2753 Illud
2413 2711 2521 2751 haud

227 2776 367 2817 dubito
381 2778 478 2828 quin
490 2779 640 2817 rectius
658 2774 866 2817 Diodorus
878 2781 1002 2832 eique
1010 2782 1239 2819 assentiens
1254 2777 1512 2819 Schlosserus
1529 2778 1766 2830 prodiderit,
1796 2782 1834 2816 in
1858 2790 1946 2817 eam
1962 2776 2128 2819 Siciliae
2147 2785 2320 2831 partem,
2350 2788 2453 2828 quae
2479 2779 2521 2814 in

227 2840 451 2879 Poenorum
468 2839 621 2892 ditione
631 2845 742 2890 erat,
771 2852 819 2879 se
831 2846 1037 2895 recepisse
1052 2842 1288 2897 Magonem,
1319 2854 1432 2895 quam
1450 2840 1726 2892 Plutarchum,
1757 2844 1823 2894 qui
1841 2844 1880 2881 in
1904 2840 2072 2897 Libyam
2092 2856 2179 2883 eum
2198 2852 2412 2881 reversum
2425 2852 2522 2880 esse

228 2916 366 2957 parum
380 2904 652 2944 verisimiliter
669 2905 881 2958 perhibuit.

335 2966 466 3007 Schl.:
492 2966 641 3018 „Nach-
652 2972 809 3010 seinem
824 2969 994 3026 Abzuge
1011 2971 1123 3012 ward
1144 2971 1209 3012 die
1228 2970 1443 3025 Befreiung
1465 2982 1548 3009 von
1560 2969 1740 3023 Syrakus
1763 2970 1852 3010 dem
1873 2971 2077 3011 Timoleon
2108 2970 2230 3010 durch
2260 2970 2325 3011 die
2345 2968 2523 3010 Anlmnft

230 3030 301 3072 der
326 3031 470 3096 langst
491 3043 565 3072 aus
592 3030 762 3075 Korinth
791 3035 1085 3089 abgesendeten
1108 3035 1414 3089 Ifulfstruppen,
1452 3033 1571 3075 durch
1597 3035 1660 3075 die
1683 3035 1901 3075 Einnahme
1923 3036 2003 3074 des·
2020 3035 2260 3076 Stadttheils
2285 3034 2522 3082 Achradina,
