2888 3491
302 342 466 376 tuamus
494 333 571 376 hae
594 337 634 374 in
660 334 799 384 operis
823 333 892 371 sui
915 334 1033 383 parte
1057 334 1191 373 minus
1218 330 1270 373 de
1293 337 1410 374 certa
1428 337 1651 385 temporum
1676 333 1832 373 ratione
1857 331 2096 384 sollicitum,
2136 345 2394 391 quaeeunque
2415 336 2620 385 Timoleon

302 398 356 441 de
371 394 651 442 constituenda
666 394 1015 449 Syracusanorum
1030 395 1239 449 republica
1251 394 1441 448 fecisset,
1468 408 1521 438 ea
1532 397 1666 437 omnia
1679 394 1876 438 maluisse
1890 410 1971 445 una
1982 400 2235 444 enarratione
2250 399 2476 452 complecta,
2502 411 2621 457 quq-

304 467 346 505 11.
361 464 498 516 plnres
515 459 753 513 dispergere
768 458 895 500 locos.
936 458 1018 508 Sed
1034 458 1282 500 dissimulari
1297 463 1450 514 nequit,
1477 471 1577 500 esse
1590 459 1793 512 nonnulla,
1821 472 1925 514 quae
1939 463 1981 502 in
1996 460 2073 503 hac
2088 472 2245 516 quoque
2260 466 2376 515 parte
2390 469 2621 518 suspectam
2702 479 2706 481 ’

305 526 468 569 reddant
476 523 646 565 Diodori
658 523 789 563 iidem.
818 522 922 563 Nam
940 522 992 563 ad
1006 523 1173 564 colonos
1189 523 1292 577 quod
1309 527 1453 564 attinet
1469 523 1697 577 Syracusas
1715 522 1921 576 deductos,
1939 538 2078 566 eorum
2092 538 2210 579 quam
2224 528 2395 567 maxi-a
2402 527 2620 574 multitu&

304 597 346 632 ut
360 594 454 645 post
477 588 592 629 urbis
614 590 947 642 expugnationem
963 600 1082 641 quam
1101 591 1272 641 primum
1294 590 1542 640 mitteretur,
1571 600 1713 628 curare
1738 587 1928 629 debuisse
1943 587 2264 642 Timoleontem,·
2283 588 2414 631 velex
2438 594 2492 631 iis
2507 591 2620 645 patet

301 657 437 696 causis
448 682 461 704 ,
485 664 589 706 quas
605 656 694 705 ipse
710 651 829 692 affert
845 650 1110 705 Plutarchus3
1138 652 1190 692 ab
1212 651 1354 692 incolis
1369 655 1474 692 enim
1490 664 1618 705 paene
1636 650 1822 692 desertae
1837 656 1879 692 et
1894 664 2045 693 vacuae
2068 659 2186 694 erant
2201 654 2451 708 Syracusae,
2480 655 2620 701 inculti

298 720 486 774 jacebant
505 720 595 772 agri
624 715 695 765 (cf.
712 715 831 758 Diod.
848 729 883 756 c·
901 715 991 768 83),
1007 715 1263 757 metuendum
1278 720 1388 768 erat,
1417 721 1609 769 superato
1630 721 1725 768 post
1741 715 1965 757 Poenorum
1981 715 2210 759 discessum
2225 718 2370 760 Hiceta
2387 724 2430 760 et
2445 722 2619 772 receptis

304 784 536 836 Syracusis,
566 792 616 819 ne
632 792 775 819 novum
789 791 881 819 mox
895 791 946 819 ex
960 779 1093 834 Libya
1108 783 1314 834 ingrueret
1329 780 1493 831 bellum,
1521 779 1627 833 quod
1641 791 1784 832 parare
1794 779 1882 831 jam
1897 779 2254 835 Carthaginienses
2264 810 2278 833 ,
2305 781 2496 837 Magonis
2510 785 2619 836 igna—

302 851 407 887 viam
422 847 532 886 ultos
542 873 555 894 ,
583 844 694 883 fama
708 847 976 895 nuntiaverat,
995 857 1213 897 eorumque
1228 848 1414 897 impetus,
1442 846 1620 883 acriores
1634 843 1740 883 haud
1757 843 1875 884 dubie
1889 843 2014 885 futuri
2025 872 2039 894 ,
2066 849 2112 884 ut
2126 845 2270 897 repelli
2284 851 2465 898 possent,
2491 845 2620 898 major

299 922 420 963 quam
444 908 656 948 celerrime
672 907 876 961 parandus
899 912 989 947 erat
1003 907 1259 948 defensorum
1274 919 1474 948 numerus.
1529 905 1605 946 His
1627 905 1678 947 de
1704 909 1841 946 causis
1859 910 1897 947 si
1920 906 2086 948 colonos
2109 908 2330 949 verisimile
2354 913 2418 949 est
2443 921 2469 949 a
2484 908 2619 954 Coris-

298 974 397 1012 thiis
420 976 559 1024 priore
585 971 658 1011 illo
683 976 867 1023 tempore
891 975 1044 1011 missos
1060 983 1181 1022 esse,
1219 964 1298 1011 non
1322 975 1453 1011 minus
1471 970 1570 1010 illud
1594 969 1785 1010 credibile
1809 970 1966 1010 videtur
1982 981 2104 1020 esse,
2131 970 2272 1010 eodem
2298 976 2477 1026 tempore
2499 971 2619 1017 simul

297 1036 530 1088 trajecisse,
560 1039 628 1087 qui
644 1039 702 1075 rei
719 1035 903 1087 publicae
920 1035 1263 1088 Syracusanorum
1278 1033 1560 1074 instaurandae
1576 1038 1833 1085 praeessent,
1863 1033 2081 1085 Cephalum
2100 1038 2142 1072 et
2155 1032 2396 1087 Dionysium
2414 1039 2458 1084 (e
2476 1036 2618 1089 quibus

298 1099 541 1152 Dionysium
565 1098 728 1138 silentio
743 1102 1031 1169 praetermittit
1045 1097 1272 1149 Diodorus,
1302 1097 1520 1150 Cephalum
1546 1097 1650 1137 idem
1675 1096 1806 1137 fuisse
1834 1095 1930 1136 dicit
1957 1085 2218 1147 ἐπιστάτην
2245 1088 2330 1138 καὶ
2362 1085 2616 1154 διορθωτὴν

299 1154 385 1215 τῆς
405 1153 695 1213 νομοθεσίας,
729 1150 875 1217 ανδρα
896 1158 947 1202 ἐν
964 1148 1153 1216 παιδείᾳ
1171 1151 1253 1201 καὶ
1277 1153 1445 1201 συνέσει
1462 1147 1813 1214 ὃεὸοξαςμένον).
1858 1159 1971 1201 Unde
1995 1160 2189 1215 colligere
2213 1160 2475 1213 probabiliter
2500 1163 2620 1204 liceat

302 1232 435 1280 ipsum
457 1230 577 1265 etiam
595 1225 730 1277 legum
755 1225 1008 1265 ferendarum
1026 1239 1075 1265 ac
1098 1229 1275 1264 civitatis
1299 1225 1427 1264 denuo
1444 1225 1745 1263 constituendae
1769 1229 1972 1277 negotium
1996 1238 2073 1264 non
2095 1223 2146 1263 a'd
2163 1224 2275 1274 illud,
2305 1226 2410 1276 quod
2426 1228 2511 1266 vult
2526 1227 2619 1266 Dio-

302 1291 447 1339 dorus,
477 1294 635 1340 tempus
661 1287 827 1328 dilatum
852 1301 961 1329 esse.
1019 1287 1134 1328 Quae
1162 1293 1296 1328 autem
1317 1286 1521 1327 Diodorus
1548 1299 1633 1339 cap.
1651 1285 1705 1327 82
1727 1286 1877 1338 refert,
1912 1292 2008 1340 post
2033 1299 2172 1340 pacem
2194 1301 2282 1328 cum
2303 1286 2450 1330 Poenis
2473 1289 2619 1331 factam

300 1354 577 1403 liberatasque
602 1363 741 1391 omnes
758 1351 901 1391 Graeci
928 1354 1098 1391 nominis
1116 1354 1156 1391 in
1172 1351 1315 1392 Sicilia
1337 1353 1524 1390 civitates
1540 1349 1830 1390 Timoleontem
1849 1363 1922 1403 per
1936 1354 2163 1391 universam
2187 1350 2396 1392 Graeciam
2410 1358 2620 1406 praeconis

297 1429 398 1456 voce
415 1418 724 1467 pronuntiasse,
753 1414 945 1454 Senatum
967 1416 1236 1467 populumque
1252 1415 1597 1466 Syracusanorum
1615 1426 1738 1467 agros
1762 1414 1980 1466 domosque
2005 1414 2188 1454 daturum
2210 1427 2307 1454 esse
2328 1415 2525 1468 omnibus,
2553 1421 2619 1469 qui

299 1483 465 1519 civitate
489 1477 564 1517 illa
589 1480 714 1529 recipi
732 1477 905 1527 vellent,
932 1481 985 1517 iis
1011 1481 1143 1517 minus
1166 1477 1429 1530 probabiliter
1452 1477 1641 1516 tribuitur
1657 1476 1921 1527 Timoleonti,
1950 1476 2055 1529 quod
2071 1477 2287 1517 Plutarcho
2312 1484 2474 1519 auctore
2494 1480 2619 1519 multo

300 1546 416 1597 prius
438 1542 622 1582 fecerunt
637 1539 903 1581 Timoleontis
931 1545 973 1581 et
997 1540 1341 1594 Syracusanorum
1366 1541 1555 1594 precibus
1577 1544 1746 1593 permoti
1763 1540 1981 1592 Corinthii,
2011 1554 2176 1594 quorum
2200 1545 2243 1582 et
2265 1540 2448 1595 dignitati
2473 1549 2515 1584 et
2539 1548 2620 1598 pie-

300 1610 375 1647 tati
395 1608 569 1646 maxime
595 1605 858 1644 conveniebat
884 1608 1112 1645 instaurare
1131 1605 1205 1645 hac
1222 1608 1377 1645 ratione
1402 1605 1599 1645 coloniam
1615 1617 1640 1644 a
1655 1617 1702 1644 se
1718 1608 1936 1658 antiquitus
1954 1604 2162 1646 deductam
2178 1605 2346 1658 ejusque
2362 1605 2485 1646 saluti
2501 1613 2621 1661 atque

297 1673 558 1710 incrementis
588 1670 835 1719 prospicere.
904 1668 1046 1720 Neque
1072 1674 1204 1707 tamen
1230 1668 1286 1706 nil
1313 1668 1410 1707 dicit
1433 1667 1674 1706 Plutarchus
1702 1667 1751 1707 de
1778 1669 1933 1707 colonis
1961 1669 2129 1708 Graecis
2156 1673 2277 1708 etiam
2298 1673 2522 1721 posteriore
2548 1672 2619 1710 illo

300 1740 480 1786 tempore
504 1736 544 1772 in
563 1731 743 1771 Siciliam
759 1735 1022 1783 transvectis3
1052 1745 1141 1771 nam
1157 1745 1243 1785 cap.
1259 1732 1313 1772 35
1327 1730 1455 1770 refert
1478 1729 1562 1785 ille,
1592 1734 1826 1782 compositis
1850 1732 2033 1771 omnibus
2056 1732 2177 1772 bellis
2203 1735 2260 1772 ita
2285 1738 2467 1784 pacatam
2490 1733 2618 1775 fuisse

300 1797 570 1839 Timoleontis
595 1807 720 1847 opera
735 1793 936 1847 Siciliam,
964 1800 1010 1835 ut
1033 1795 1183 1836 multae
1208 1798 1414 1846 civitates,
1443 1797 1563 1834 etiam
1588 1806 1689 1847 quae
1708 1793 1774 1834 diu
1798 1794 1972 1835 incultae
1982 1795 2209 1848 jacuissent
2233 1809 2280 1836 ac
2304 1796 2508 1849 desertae,
2535 1803 2617 1839 tum

299 1865 618 1908 restituerentur
639 1872 688 1898 ac
706 1863 819 1898 novis
836 1866 1078 1913 augerentur
1093 1860 1248 1899 colonis
1259 1888 1271 1910 ,
1299 1862 1338 1898 in
1362 1859 1506 1912 quibus
1524 1862 1697 1898 nominat
1714 1857 1980 1913 Agrigentum
2006 1864 2048 1899 et
2066 1859 2218 1900 Gelam.
2249 1860 2331 1908 (Cf.
2346 1860 2464 1901 Diod.
2481 1874 2515 1901 c.
2530 1861 2615 1913 83).

299 1926 442 1978 Itaque
467 1930 529 1964 sic
554 1924 742 1963 videntur
767 1936 818 1963 ex
839 1923 1046 1964 Plutarchi
1072 1928 1272 1963 sententia
1296 1923 1538 1976 digerendae
1562 1936 1655 1963 esse
1679 1936 1745 1962 res
1772 1923 1889 1975 illae,
1927 1930 1972 1963 ut
1997 1930 2091 1976 post
2105 1925 2394 1977 Syracusarum
2421 1938 2616 1979 expugna-

299 1993 449 2031 tionem
475 1988 585 2028 facta
610 1989 707 2027 esse
729 1991 942 2039 putentur,
984 1999 1240 2040 quaecunque
1262 1986 1313 2027 ad
1338 1986 1504 2027 colonos
1523 1985 1747 2038 Syracusas
1769 1986 2020 2027 deducendos
2042 1990 2308 2039 pertinerent,
2336 1987 2461 2028 finitis
2485 1993 2614 2030 autem

299 2053 423 2092 bellis
450 2057 491 2090 et
513 2055 618 2090 omni
637 2054 677 2090 in
696 2051 925 2090 libertatem
951 2055 1143 2090 restituta
1166 2050 1300 2090 insula
1323 2054 1447 2089 etiam
1472 2053 1512 2088 in
1538 2049 1717 2103 reliquas
1740 2053 1927 2089 civitates
1948 2054 2065 2090 missi
2091 2055 2369 2091 existimentur
2383 2064 2433 2090 ex
2450 2051 2615 2093 Graecia

303 2116 447 2157 coloni.
479 2137 526 2143 -—
554 2115 644 2153 Nec
658 2115 707 2153 de
732 2127 897 2154 numero
922 2114 1063 2154 eadem
1083 2115 1201 2166 plane
1223 2114 1388 2153 tradidit
1410 2118 1579 2165 uterque
1596 2117 1779 2165 scriptor.
1834 2113 2036 2154 Diodorus
2058 2118 2163 2154 enim
2186 2118 2356 2166 primum
2372 2118 2429 2154 ait
2446 2120 2614 2169 quinque

302 2180 416 2221 milia
441 2177 736 2219 Corinthiorum
760 2192 784 2218 a
806 2177 1059 2219 Timoleonte
1081 2177 1274 2220 benevole
1300 2190 1397 2219 esse
1420 2181 1609 2230 excepta3
1650 2181 1794 2229 postea
1819 2189 1914 2218 vero
1936 2182 2087 2219 tantam
2113 2192 2163 2219 ex
2188 2177 2358 2218 Graecia
2383 2183 2614 2221 convenisse

300 2243 619 2293 multitudinem,
648 2246 695 2280 ut
718 2242 980 2295 quadraginta
993 2243 1106 2282 milia
1131 2246 1245 2293 in,ea
1261 2246 1349 2295 agri
1368 2242 1613 2295 Syracusani
1638 2245 1773 2293 parte,
1809 2253 1910 2294 quae
1937 2242 2066 2283 divisa
2088 2242 2261 2282 nondum
2283 2241 2449 2293 fuisset,
2479 2243 2612 2286 decem

302 2308 415 2347 milia
432 2311 472 2346 in
488 2306 804 2359 Agyrinensium
828 2318 951 2358 agro,
980 2310 1046 2357 qui
1072 2307 1232 2346 liberati
1256 2306 1376 2358 paulo
1400 2311 1493 2345 ante
1517 2307 1676 2358 tyranni
1690 2304 1969 2356 Apolloniadis
1992 2309 2160 2359 imperio
2186 2310 2347 2346 civitate
2362 2305 2613 2358 Syracusana

306 2370 442 2412 donati
459 2374 622 2420 essent,
652 2368 947 2409 collocarentur
962 2369 1202 2409 colonorum.
1257 2369 1499 2409 Plutarchus
1515 2367 1567 2409 ad
1584 2368 1875 2408 Timoleontem
1891 2373 2049 2410 omnino
2067 2373 2280 2424 sexaginta
2293 2369 2404 2409 milia
2415 2369 2612 2412 hominum

305 2434 548 2475 confluxisse
573 2444 620 2472 ac
643 2431 765 2473 sedes
795 2435 835 2472 in
861 2432 960 2473 urbe
985 2444 1164 2487 agroque
1190 2433 1444 2486 Syracusano
1469 2434 1680 2490 accepisse
1706 2431 1899 2485 affirmat,
1936 2433 2105 2488 ejusque
2129 2437 2189 2475 rei
2213 2436 2417 2474 auctorem
2440 2436 2612 2475 nominat

303 2498 491 2538 Athanin.

414 2562 477 2602 De
492 2560 654 2614 legibus
676 2566 810 2601 autem
833 2560 928 2601 aliis
945 2560 1027 2600 alio
1051 2565 1231 2613 tempore
1249 2565 1413 2615 scriptis
1438 2575 1541 2615 quae
1567 2560 1688 2601 habet
1702 2560 1924 2613 Diodorus,
1953 2575 2003 2602 ea
2028 2566 2119 2616 ipsa
2140 2562 2323 2604 videntur
2345 2572 2483 2614 parum
2510 2566 2611 2604 inter

305 2645 351 2674 se
373 2640 612 2685 congruere.
666 2628 806 2670 Priore
832 2632 937 2670 enim
961 2628 1052 2670 loco
1068 2643 1102 2670 c.
1119 2630 1174 2672 7⁰
1195 2632 1295 2673 haec
1315 2631 1528 2686 leguntur:
1557 2626 1793 2688 Τιμολέων
1818 2622 1866 2679 δὲ
1890 2628 2198 2692 παραλαβαῖν
2222 2626 2307 2677 τσῗν
2326 2630 2451 2677 νὸἱσον
2474 2631 2611 2687 (Orty-

305 2701 432 2752 giam)
461 2690 544 2742 καῖ
565 2687 753 2756 φρούρια
782 2690 849 2739 τοὶ
868 2689 1085 2756 Διονυσίῳ
1106 2689 1324 2758 πρότερον
1345 2690 1665 2750 ὑπακούοντα,
1698 2692 1788 2743 τοίς
1804 2693 1890 2754 μὲν
1917 2692 2052 2742 κατοί
2080 2697 2162 2753 τῆς
2183 2690 2310 2753 νήσου
2327 2688 2612 2757 ἀκροπόλεις

305 2757 387 2807 καὶ
416 2757 481 2805 τοὶ
513 2757 756 2818 τυραννεῖα
792 2753 1102 2816 κατέσκαψε,
1150 2760 1243 2807 τοῖς
1280 2753 1329 2807 δὲ
1361 2757 1578 2821 φρουρίοις
1611 2752 1826 2807 α’πέὸωκε
1859 2756 1943 2815 τήν
1966 2757 2262 2820 ἐλευθερίαν.
2313 2754 2518 2811 Εὕθύἐ
2552 2753 2611 2805 δὲ

304 2817 407 2871 καὶ
436 2819 830 2883 νομογραφεῖν
864 2814 1107 2880 ἤρξατο,
1139 2820 1337 2872 τιθεὶς
1369 2816 1832 2884 δημοκρατικούς
1867 2819 2068 2881 νόμους
2100 2819 2205 2870 καὶ
2232 2819 2308 2869 τοὶ
2336 2819 2611 2884 περὶτῶν

305 2880 623 2938 ἰδιωτικῶν
677 2880 1060 2941 συμβολαίων
1113 2879 1319 2934 δίκαια
1368 2883 1475 2934 καὶ
1521 2877 1730 2934 τᾶλλα
1784 2882 1992 2934 πάντα
2046 2882 2307 2948 α’κριβῶς
2358 2879 2611 2944 διέταξε,

303 2946 605 3005 ἵπλείστην
640 2939 917 3009 φροντίδα
950 2949 1051 3005 τῆς
1085 2945 1345 3008 ἰσότητος
1377 2945 1721 3007 ποιούμενος
1753 2956 1840 3006 (01.
1866 2955 1976 3009 clx,
2002 2956 2064 3008 Β).
2120 2955 2276 2998 Quibus
2296 2955 2363 2997 vel
2389 2961 2612 3008 repugnant
