2888 3491
1340 224 1574 266 -4-

303 363 438 391 arcem
459 364 485 392 a
501 352 694 402 Dionysio
717 351 776 389 ait
793 354 930 390 statim
954 349 1141 391 traditam
1165 363 1259 392 esse
1274 350 1534 403 Timoleonti,
1564 364 1731 404 eamque
1758 353 2022 405 expeditionis
2044 357 2197 406 partem
2221 359 2404 405 potuisse
2422 360 2609 409 quinqua-

304 417 419 468 ginta
442 415 579 456 diebus
600 412 738 466 perfici
751 443 764 465 ,
800 413 841 454 id
862 412 958 454 mihi
980 413 1138 467 quidem
1165 429 1242 456 non
1263 415 1419 456 vitietur
1444 415 1604 456 dubium
1629 428 1736 457 esse.

410 479 612 527 Alterum,
642 477 747 529 quod
765 480 804 516 in
823 477 1019 517 ClintonIs
1043 478 1311 530 dIsputatione
1331 485 1397 519 est
1422 480 1740 531 improbandum,
1769 479 1820 518 ad
1842 484 2064 531 temporum
2079 484 2251 533 pertinet
2266 487 2609 533 computationem,

305 540 436 594 quaid
458 544 626 580 conatur
644 540 831 592 efficere,
859 546 904 580 ut
924 553 975 580 ex
988 540 1158 582 Diodori
1179 547 1331 583 ratione
1347 542 1529 583 videatur
1545 543 1595 583 ab
1615 543 1881 583 Timoleontis
1904 542 2153 595 profectione
2177 544 2228 585 ad
2240 544 2424 598 Dionysii
2440 550 2611 586 exactio·
2769 535 2888 586 &13

303 617 391 645 nem
406 617 484 644 non
504 603 632 644 multo
651 602 744 658 plus
769 608 961 657 temporis
983 605 1236 659 interjectum
1261 606 1408 657 fuisse,
1439 619 1556 659 quam
1579 609 1697 646 unius
1715 610 1807 646 anni
1822 609 2010 660 spatium.
2066 607 2182 648 Quae
2199 621 2275 663 quo
2290 611 2438 648 rectius
2464 610 2609 650 intelli-

302 674 500 720 gantur,
520 668 797 708 adscribamus
828 668 1074 710 Archontum
1104 669 1407 710 Atheniensium
1441 677 1561 723 atque
1591 684 1782 715 annorum
1796 700 1809 722 ,
1838 671 1982 723 quihus
1996 670 2199 711 Diodorus
2232 686 2300 712 res
2321 686 2346 712 a
2361 672 2609 723 Timoleffi

302 735 434 784 priore
459 736 557 784 post
584 731 795 773 adventum
821 736 1003 784 tempore
1031 739 1174 787 gestas
1202 734 1437 788 descripsit,
1475 738 1635 775 seriem.

419 792 581 836 A.Chr.
600 809 636 834 n.
882 794 1182 839 Archontes.
1807 795 1911 838 Res
1939 802 2133 852 gestae.

403 858 497 913 34}
856 860 1042 900 Archias.
1279 859 1564 917 Syracusani
1589 876 1661 915 per
1692 862 1855 915 legatos
1884 861 2115 901 Corinthum
2142 866 2292 902 missos
2331 866 2606 915 imperatorem

1375 927 1453 966 sibi
1481 931 1625 979 petunt
1652 924 1751 965 dari.

403 985 496 1040 343.
857 987 1050 1029 Eubulus.
1323 988 1530 1031 Timoleon
1546 988 1813 1043 proficiscitur
1822 987 2025 1039 Corintho,
2044 990 2152 1028 venit
2165 991 2207 1028 in
2218 987 2408 1040 Siciliam,
2428 987 2606 1028 Hicetam

1379 1057 1567 1108 opprimit
1589 1053 1640 1094 ad
1655 1051 1855 1092 Adranam
1867 1080 1878 1102 ,
1906 1050 1998 1091 inde
2022 1063 2144 1091 cursu
2161 1052 2371 1092 celerrimo
2387 1053 2606 1106 Syracusas

1377 1123 1565 1173 properat
1581 1122 1701 1170 atque
1717 1119 1838 1156 etiam
1862 1114 2045 1155 hostibus
2066 1117 2106 1155 in
2128 1114 2266 1169 fugam
2289 1119 2478 1157 coniectis
2501 1121 2606 1156 ante-

1376 1187 1540 1223 vertens
1567 1186 1608 1220 in
1634 1181 1774 1221 urbem
1801 1182 1995 1231 irrumpit.

407 1239 496 1292 344}-
855 1243 1063 1296 Lyciscus.
1322 1246 1474 1299 Magna
1503 1245 1720 1297 Syracusis
1750 1256 1882 1283 rerum
1913 1241 2184 1295 perturbatio,
2240 1254 2358 1295 quum
2388 1243 2606 1297 Dionysius

1376 1307 1552 1348 Insulam
1582 1307 1805 1357 obtineret,
1846 1304 2012 1345 Hicetas
2036 1304 2301 1345 Achradinam
2332 1311 2373 1346 et
2396 1306 2605 1360 Neapolin,

1374 1371 1585 1411 Timoleon
1613 1370 1793 1421 reliquas
1817 1369 1930 1408 urbis
1954 1373 2116 1420 partes,
2154 1368 2539 1422 Carthaginiensium
2565 1376 2606 1409 et

1375 1435 1522 1474 classis
1538 1433 1618 1474 15⁰
1635 1436 1791 1473 navium
1817 1436 1857 1472 in
1879 1444 2025 1487 mag-no
2040 1435 2159 1484 portu
2181 1437 2315 1484 esset,
2344 1438 2386 1473 et
2407 1427 2606 1486 pedestris

1376 1501 1577 1537 exercitus
1602 1497 1636 1536 L
1654 1489 1767 1536 milia
1787 1500 1897 1536 iuxta
1921 1495 2211 1536 consedissent.

1482 1561 1690 1600 Timoleon
1713 1561 1927 1600 multarum
1942 1563 2147 1599 civitatum
2170 1564 2365 1599 societate
2382 1565 2424 1600 et
2447 1561 2605 1601 auxiliis

1376 1623 1566 1665 Corintho
1581 1628 1720 1665 missis
1735 1624 1932 1675 firmatus,
1962 1634 2081 1676 quum
2097 1622 2385 1664 discessissent
2399 1628 2507 1665 metu
2520 1637 2606 1678 per·

1374 1688 1477 1726 culsi
1505 1688 1885 1741 Carthaginienses,
1914 1691 1977 1726 iis·
1995 1699 2151 1739 quoque
2174 1691 2326 1739 potitur
2348 1689 2460 1728 urbis
2487 1692 2607 1741 parti·

1372 1750 1469 1800 bus,
1499 1764 1601 1802 quae
1619 1750 1749 1790 adhuc
1771 1754 1811 1789 iu
1827 1749 1995 1789 Hicetae
2016 1749 2176 1790 fuerant
2198 1756 2414 1803 potestate.

406 1813 497 1867 34²}-
853 1810 1116 1866 Pythodotns.
1320 1812 1529 1853 Timoleon
1547 1813 1743 1867 Dionysio
1770 1825 2023 1866 summopere
2054 1816 2272 1866 perterrito
2297 1813 2532 1866 persuadet,
2561 1819 2605 1855 ut

1374 1881 1542 1930 imperio
1569 1890 1614 1917 se
1641 1877 1822 1928 abdicet,
1862 1889 1994 1916 arcem
2023 1877 2179 1928 tradat,
2220 1881 2261 1917 in
2290 1877 2603 1929 Peloponnesum

1374 1954 1464 1980 cum
1483 1953 1527 1980 re
1542 1940 1729 1980 familiari
1746 1940 2041 1980 transvehatur.

405 2003 500 2044 Jam
522 2008 567 2043 ut
586 2003 783 2044 Clintonis
803 2008 1045 2057 computatio
1073 2009 1182 2044 recte
1207 2004 1376 2055 habeat,
1407 2017 1486 2057 qua
1510 2004 1717 2043 Timoleon
1742 2007 1912 2042 sumitur
1936 2003 2012 2042 sub
2037 2003 2155 2042 finem
2180 2002 2270 2055 ejus
2293 2006 2408 2053 anni,
2438 2015 2514 2054 quo
2528 2003 2606 2043 Eu·

300 2068 420 2107 bulus
435 2067 594 2107 Archon
616 2073 703 2107 erat
729 2071 888 2116 (mense
905 2068 1017 2107 Maio
1035 2072 1127 2107 anni
1143 2081 1168 2107 a
1183 2068 1275 2107 Chr.
1292 2082 1330 2106 n.
1347 2068 1449 2117 344)
1475 2068 1680 2120 profectus
1703 2079 1799 2106 esse
1823 2066 2033 2118 Corintho,
2061 2080 2230 2106 necesse
2256 2072 2321 2105 est
2346 2069 2450 2105 inter
2464 2066 2603 2107 adven-

301 2139 385 2171 tum
409 2132 634 2186 legatorum
652 2132 1017 2185 Syracusanorum,
1045 2136 1113 2185 qui
1136 2132 1286 2172 Archia
1305 2131 1508 2171 Archonte
1527 2131 1756 2171 Corinthum
1779 2136 1991 2182 venerunt,
2019 2137 2139 2184 atque
2165 2130 2450 2184 profectionem
2474 2131 2602 2171 Timo·

301 2196 449 2236 leontis
474 2199 593 2236 unius
622 2200 713 2235 anni
744 2199 916 2248 spatium
946 2195 1198 2249 interjectum
1222 2196 1361 2237 fuisse.
1420 2195 1538 2237 ssuod
1562 2199 1625 2236 cui
1651 2195 1840 2236 credibile
1860 2195 2042 2236 videatur
2063 2196 2191 2236 esse?
2233 2194 2397 2234 Rectius
2422 2199 2601 2246 putamus

300 2260 466 2300 Diodori
484 2260 676 2313 explicari
692 2264 951 2310 sententiam,
982 2263 1018 2299 si
1044 2261 1145 2299 hanc
1169 2263 1492 2300 constituerimus
1516 2272 1566 2299 ex
1595 2264 1682 2299 eius
1707 2265 1839 2299 mente
1865 2260 1994 2300 fuisse
2018 2273 2150 2300 rerum
2174 2262 2331 2298 seriem.
2387 2257 2490 2298 Vere
2512 2263 2601 2299 anni

301 2337 339 2364 a.
356 2324 447 2363 Chr.
466 2338 504 2362 n.
520 2324 619 2373 445,
657 2322 862 2362 Archonte
884 2323 1055 2374 Archia,
1081 2325 1327 2363 ·Corinthum
1352 2329 1545 2364 venerunt
1570 2325 1694 2377 legati
1718 2324 1974 2377 Syracusani.
2012 2323 2203 2363 Eiusdem
2225 2325 2317 2362 anni
2340 2327 2514 2373 aestate,
2542 2336 2601 2362 ar-

291 2389 445 2429 ·chonte
458 2386 631 2437 Eubulo,
658 2389 699 2425 in
715 2385 895 2426 Siciliam
920 2390 1078 2426 traiecit
1092 2387 1313 2427 Timoleon.
1340 2387 1494 2428 Deinde
1508 2387 1777 2428 Archontibus
1803 2387 1942 2427 eodem
1956 2387 2133 2437 Eubulo,
2163 2391 2205 2426 et
2219 2390 2312 2439 post
2329 2398 2418 2424 eum
2434 2385 2601 2439 Lycisco

301 2465 369 2492 res
394 2464 517 2504 supra
535 2456 867 2491 commemoratae
893 2456 987 2491 sunt
1014 2456 1170 2504 gestae.
1226 2450 1450 2504 Pythodoto
1464 2451 1666 2493 Archonte
1690 2454 1730 2490 in
1744 2450 2062 2503 Peloponnesum
2082 2450 2275 2490 dimissus
2290 2454 2355 2488 est
2371 2448 2599 2504 Dionysius,

302 2516 396 2557 Qua
408 2519 564 2555 ratione
579 2514 776 2565 efficitur,
804 2519 871 2565 ut,
900 2518 1059 2555 etiamsi
1083 2520 1309 2555 statuamus
1333 2521 1510 2556 extremo
1536 2515 1691 2555 demum
1709 2513 1881 2554 Archiae
1907 2528 2044 2555 mense
2065 2515 2225 2569 legatos
2243 2513 2516 2566 Syracusanos
2536 2527 2601 2555 ve·

302 2585 413 2620 nisse
429 2580 680 2629 Corinthum,
718 2584 760 2617 et
784 2582 913 2630 primo
943 2583 1080 2618 statim
1103 2579 1319 2632 Pythodoti
1350 2593 1487 2619 mense
1510 2582 1678 2630 imperio
1702 2584 1862 2617 exutum
1892 2592 1986 2619 esse
2009 2579 2267 2632 Dionysium,
2303 2582 2435 2617 tamen
2460 2591 2527 2617 res
2550 2579 2595 2618 a*
2762 2614 2765 2619 Α
2786 2631 2791 2634 μ

301 2643 478 2684 Diodoro
495 2646 704 2694 expositae
718 2654 790 2695 per
812 2647 898 2682 tres
922 2654 1051 2694 paene
1075 2646 1256 2683 aestates
1281 2641 1457 2697 duasque
1481 2644 1635 2683 hiemes
1659 2646 1773 2681 actae
1798 2644 1890 2681 sint.
2758 2625 2780 2646 ”
2824 2638 2888 2664 ³¹*

405 2707 619 2747 Postremo
637 2718 738 2758 quae
764 2706 812 2744 de
839 2711 1039 2758 tempore,
1079 2706 1184 2759 quod
1206 2706 1413 2746 Timoleon
1444 2711 1483 2746 in
1510 2706 1650 2747 Sicilia
1680 2709 1946 2759 transegerit,
1986 2705 2188 2758 disputat,
2215 2718 2266 2744 ea
2287 2710 2497 2756 propterea
2512 2720 2597 2747 -non

303 2774 458 2812 omnino
475 2783 569 2811 vere
596 2775 691 2810 sunt
715 2772 915 2822 exposita,
946 2774 1039 2822 quia
1056 2775 1182 2811 totum
1209 2770 1309 2811 illud
1333 2776 1489 2824 tempus
1517 2784 1594 2810 non
1619 2773 1862 2822 integrorum
1887 2774 1976 2809 octo
2002 2782 2191 2810 annorum
2218 2768 2346 2816 fuisse
2372 2775 2596 2821 asseverat3

302 2848 342 2885 in
366 2855 484 2896 quem
510 2854 686 2883 errorem
711 2839 818 2881 haud
841 2839 958 2880 dubie
980 2838 1164 2881 inductus
1187 2844 1253 2881 est
1274 2838 1478 2881 Plutarchi
1505 2837 1662 2889 verbis,
1699 2850 1799 2891 quae
1824 2839 2011 2893 leguntur
2032 2851 2118 2892 cap.
2136 2838 2202 2890 37,
2221 2837 2259 2878 4·
2289 2834 2521 2915 καθᾶραι)
2550 2829 2595 2886 δὲ

300 2903 384 2962 τὴν
406 2900 640 2953 Σικελίαν
667 2904 726 2950 ’ἐν
760 2894 851 2949 οὐδ
878 2896 1042 2949 ’ὅλοις
1073 2900 1270 2950 ἔτεσιν
1302 2897 1450 2950 o'xrw
1490 2894 1642 2949 οἰῐὸίων
1671 2917 1750 2947 και
1771 2899 1982 2949 συνοίκων
2019 2904 2180 2950 κακῶν
2218 2918 2298 2948 και
2333 2896 2596 2959 νοσημάτων

301 2962 531 3031 παραδους
553 2968 645 3015 τοῖς
664 2969 958 3015 κατοικοῦσιν
990 2965 1102 3007 Haec
1124 2970 1159 3006 si
1182 2971 1238 3008 ita
1252 2967 1360 3009 dicta
1386 2971 1546 3018 essent,
1585 2971 1630 3005 ut
1650 2970 1921 3019 respiceretur
1935 2971 2114 3020 tempus,
2144 2979 2222 3020 quo
2245 2973 2427 3008 mortuus
2451 2972 2517 3008 est
2531 2969 2595 3009 Ti-
