2888 3512
44 3184 46 3189 ,
35 3057 46 3161 φατι-Γ-

307 403 584 449 deserneraut,
614 411 663 438 ex
684 398 782 438 urbe
807 400 948 436 eiectis
972 399 1014 434 et
1040 398 1184 446 postea
1205 405 1232 433 a
1254 392 1425 433 Bruttiis
1450 397 1491 433 in
1514 393 1632 433 ltalia
1656 392 1807 445 perfide
1830 393 2061 443 trucidatis,
2089 394 2229 434 eadem
2251 395 2372 448 paulo
2396 400 2597 449 copiosius

306 463 528 513 Diodorus,
555 473 589 502 c.
606 460 682 513 82,
710 459 923 509 adiicieus,
952 457 1090 498 urbem
1112 456 1295 498 Bruttiae
1319 460 1557 497 maritimam
1582 456 1633 497 ab
1659 456 1884 496 hominibus
1909 460 2002 497 istis
2024 463 2254 508 occupatam
2275 472 2369 499 esse
2392 473 2442 500 ac
2470 460 2599 513 direp-

306 532 412 578 tam,
450 537 572 579 quare
595 528 722 565 iratos
745 523 925 563 Bruttios
947 533 1060 561 arma
1082 524 1279 562 sumsisse
1303 524 1346 560 et
1380 520 1523 573 oppido
1556 524 1781 574 expugnato
1806 523 1909 560 istos
1937 532 2075 561 omnes
2097 523 2261 573 sagittis
2284 523 2596 565 contrucidasse.

307 590 400 631 Qua
428 590 584 642 quidem
617 601 667 629 ex
696 589 922 625 narratione
951 599 1027 625 non
1054 590 1242 637 apparet,
1284 584 1484 635 quomodo
1522 586 1789 623 mercenarios
1828 592 1907 623 πα
1918 570 2451 638 ρασπονδηθέντας
2477 592 2598 628 inter-

306 656 406 694 iisse
433 652 634 693 affirmare
662 651 838 700 potuerit
857 647 1107 697 Plutarchus.
1137 669 1186 677 -—-
1224 646 1375 686 Eodem
1405 646 1494 686 loco
1520 649 1573 694 (e.
1595 646 1669 696 82)
1700 645 1922 697 Diodorus,
1959 647 2000 686 id
2030 647 2135 699 quod
2160 650 2319 700 ignorat
2343 649 2595 702 Plutarchus,

306 715 593 756 Timoleontem
611 711 815 764 praedicat
832 715 1062 751 restituisse
1080 709 1291 764 navigandi
1311 713 1589 762 securitatem3
1627 712 1772 762 quippe
1793 709 2038 750 Postumium
2057 710 2330 764 Tyrrhenum,
2365 717 2429 764 qui
2452 713 2598 754 duode-

305 783 382 820 cim
407 777 573 819 navibus
594 774 859 829 praedatoriis
886 786 997 814 mare
1022 779 1105 814 tum
1136 773 1323 826 infestum
1346 774 1625 827 navigantibus
1651 772 1857 823 redderet,
1897 787 2014 826 quum
2042 774 2269 827 Syracusas
2297 779 2413 814 amici
2440 781 2599 816 nomine

305 840 550 895 appulisset,
578 838 903 890 comprehensum
920 837 970 876 ab
987 836 1058 876 illo
1076 849 1171 877 esse
1191 842 1233 876 et
1250 837 1446 889 supplicio
1465 837 1664 876 affectum.

409 922 548 976 Longe
571 925 704 961 autem
726 933 751 961 a
770 920 984 960 Plutarcho
1001 920 1170 960 discedit
1190 919 1390 960 Diodorus
1418 924 1458 960 in
1479 919 1721 973 exponendis
1748 923 1799 959 iis
1823 918 1964 970 rebus,
1994 932 2094 972 quae
2115 923 2317 962 insecutae
2335 928 2429 963 sunt
2447 911 2600 965 Poeno-⁵

304 1001 391 1029 rum
417 982 468 1026 ad
486 986 729 1026 Crimessum
756 983 920 1024 cladem.
975 983 1117 1024 Refert
1145 987 1248 1024 enim
1277 982 1411 1035 (XVI,
1438 983 1503 1025 81.
1521 983 1615 1035 82),
1650 986 1717 1036 qui
1744 996 1793 1023 ex
1816 995 1951 1036 pugna
1979 987 2205 1023 evasissent
2229 984 2595 1041 Carthaginienses,

304 1062 426 1105 aegre
446 1061 491 1089 se
506 1047 741 1102 Lilybaeum
760 1051 965 1100 recepisse
983 1052 1172 1100 tantoque
1189 1047 1319 1087 fuisse
1335 1060 1483 1101 pavore
1501 1052 1792 1098 consternatos,
1820 1052 1866 1086 ut
1886 1059 2009 1086 naves
2026 1047 2292 1087 conscendere
2311 1054 2352 1088 et
2371 1054 2410 1089 in
2419 1051 2597 1092 Africam

304 1114 434 1154 redire
453 1126 528 1151 non
547 1111 752 1162 auderent,
779 1115 923 1164 quippe
941 1111 1084 1163 quibus
1102 1110 1352 1150 metuendum
1371 1115 1497 1161 esset,
1525 1123 1574 1149 ne
1592 1110 1766 1149 Deorum
1782 1113 1854 1160 ira,
1878 1123 1993 1162 quam
2013 1114 2165 1162 experti
2182 1110 2297 1150 modo
2318 1119 2468 1164 essent,
2495 1119 2597 1155 mari

304 1176 624 1218 absorberentur.
687 1173 841 1215 Deinde
865 1174 992 1214 cladis
1024 1178 1159 1215 nuntio
1178 1174 1458 1227 Carthaginem
1486 1174 1664 1226 perlato,
1701 1178 1852 1213 tantum
1874 1174 2026 1213 civibus
2054 1174 2240 1225 injectum
2265 1189 2359 1215 esse
2388 1182 2596 1228 terrorem,

303 1245 347 1280 ut
363 1244 493 1292 ipsum
508 1238 797 1278 Timoleontem
813 1242 999 1291 putarent
1013 1251 1105 1278 mox
1122 1250 1210 1278 cum
1228 1240 1459 1278 exercituin
1474 1236 1651 1278 Africam
1669 1240 1925 1278 traiecturum
1941 1236 2156 1290 urbemque
2173 1250 2462 1293 aggressurum
2481 1254 2597 1294 esse3

302 1308 491 1356 proptera
509 1302 755 1353 Gesconem,
781 1302 986 1342 Hannonis
1004 1302 1152 1352 filium,
1181 1306 1246 1353 qui
1266 1301 1497 1340 fortitudine
1524 1307 1566 1340 et
1588 1307 1676 1341 arte
1701 1301 1865 1340 militari
1892 1301 2090 1340 excellere
2117 1302 2338 1354 videretur,
2378 1304 2427 1343 de
2452 1306 2597 1345 exsilio

302 1370 529 1406 revocatum
545 1368 736 1406 exercitui
746 1367 1045 1417 praeposuisse,
1074 1377 1122 1404 ac
1134 1377 1184 1403 ne
1195 1367 1337 1404 civium
1348 1377 1516 1416 corpora
1528 1364 1624 1404 belli
1639 1364 1854 1404 discrimini
1872 1368 2160 1416 permitterent,
2179 1371 2459 1417 mercenarios,
2474 1368 2597 1408 Grae-

303 1441 374 1468 cos
389 1431 580 1479 maxime,
609 1426 868 1479 conduxisse3
897 1427 1018 1467 simul
1035 1427 1195 1481 legatos
1211 1430 1374 1467 misisse
1389 1430 1431 1466 in
1450 1426 1651 1477 Siciliam,
1680 1430 1759 1479 qui,
1783 1426 2080 1479 quibuscunque
2102 1434 2269 1489 possent
2290 1430 2593 1482 conditionibus,

302 1504 441 1543 pacem
464 1504 553 1530 cum
570 1491 819 1530 Timoleonte
843 1495 1142 1542 componerent3
1181 1492 1406 1541 insequenti
1427 1501 1528 1528 anno
1551 1489 1690 1528 multis
1707 1500 1844 1528 eorum
1862 1490 2047 1542 precibus
2071 1495 2292 1542 permotum
2307 1491 2597 1534 Timoleontem

301 1568 440 1608 pacem
459 1553 542 1594 illis
563 1551 724 1593 dedisse
739 1556 791 1592 iis
812 1552 1123 1603 conditionibus,
1153 1564 1252 1605 quas
1269 1551 1509 1592 Plutarchus
1530 1564 1685 1611 quoque
1709 1551 1853 1603 tradit,
1880 1565 1960 1592 una
1978 1557 2140 1606 insuper
2157 1554 2330 1606 adiecta,
2361 1569 2438 1608 qua
2456 1557 2599 1598 liceret

302 1617 528 1660 volentibus
555 1628 605 1657 ex
622 1628 672 1656 ea
692 1615 854 1657 Siciliae
880 1621 1017 1669 parte,
1047 1609 1150 1669 quae
1175 1615 1562 1669 Carthaginiensium
1585 1620 1746 1668 pareret
1765 1619 1930 1668 imperio
1943 1646 1954 1667 ,
1994 1630 2080 1656 cum
2108 1617 2366 1658 facultatibus
2390 1626 2431 1659 et
2458 1621 2597 1661 liberis

302 1682 526 1736 Syracusas
555 1683 854 1733 transmigrare.
884 1702 932 1710 -
970 1679 1034 1720 De
1053 1680 1117 1720 his
1145 1680 1317 1733 plurima
1342 1679 1462 1719 aliter
1482 1678 1720 1719 Plutarchus
1744 1681 1799 1727 (c.
1817 1679 1882 1720 30.
1899 1679 1993 1730 34),
2034 1683 2095 1720 cui
2125 1684 2160 1720 si
2192 1681 2410 1734 credimus,
2449 1684 2602 1735 Gesco„

303 1746 531 1786 auctoribus
550 1743 693 1783 Hiceta
720 1749 762 1782 et
779 1743 983 1783 Mamerco
1003 1747 1206 1797 tyrannis,
1235 1747 1491 1797 septuaginta
1514 1743 1680 1782 navibus
1707 1746 1922 1783 exercitum
1947 1747 1987 1782 in
2012 1743 2189 1784 Siciliam
2216 1749 2438 1786 transmisit
2466 1752 2509 1787 et
2528 1747 2593 1788 Ti-

302 1810 514 1850 moleontis
534 1807 766 1849 auxiliarios
787 1806 940 1848 duobus
960 1810 1163 1858 oppressit
1183 1806 1371 1858 proeliis;
1408 1805 1570 1856 deinde,
1599 1820 1716 1858 quum
1735 1810 1775 1846 in
1793 1820 1947 1859 pugna,
1989 1820 2066 1857 qua
2085 1808 2312 1848 Mamercus
2331 1814 2462 1849 victus
2482 1817 2548 1850 est
2569 1825 2595 1850 a

303 1872 576 1922 Timoleonte,
605 1883 678 1910 eae
700 1882 854 1923 quoque
874 1872 1092 1922 periissent
1114 1872 1273 1921 copiae,
1312 1881 1413 1921 quas
1431 1868 1561 1908 Gesco
1579 1873 1746 1921 tyranno
1764 1872 1931 1909 miserat
1950 1870 2119 1920 auxilio,
2158 1884 2236 1923 pax
2254 1872 2373 1912 facta.
2405 1896 2454 1902 —
2483 1873 2596 1913 Veri-

303 1941 426 1975 tatem
444 1948 575 1975 rerum
594 1938 634 1973 in
652 1934 715 1973 his
730 1922 985 1974 Plutarchum
1009 1933 1239 1986 neglexisse
1258 1935 1324 1972 vix
1350 1935 1557 1984 quisquam
1580 1932 1817 1983 arbitretur,
1854 1935 1920 1985 qui
1947 1937 2142 1984 reputarit
2168 1947 2327 1986 secum,
2370 1939 2461 1988 ipsa
2486 1949 2598 1977 enar-

304 1999 415 2043 randi
429 1999 637 2052 diligentia
652 2001 917 2049 accurataque
935 1996 1182 2050 singularum
1200 2008 1333 2036 rerum
1358 1999 1727 2036 commemoratione
1749 1995 1906 2036 defendi
1925 2002 1967 2036 et
1984 1997 2134 2036 firmari
2150 2003 2326 2038 auctoris
2344 2000 2461 2040 fidem
2473 2030 2485 2051 ,
2513 2007 2597 2041 tum

305 2066 345 2102 in
362 2063 482 2103 rebus
502 2061 663 2102 traditis
681 2060 739 2100 nil
756 2060 874 2112 plane
894 2063 1056 2110 inesse,
1084 2059 1190 2112 quod
1213 2071 1240 2099 a
1263 2062 1348 2099 veri
1371 2058 1628 2099 similitudine
1651 2059 1888 2111 abhorreat,
1925 2062 2044 2100 immo
2070 2061 2195 2101 multo
2222 2062 2466 2114 probabilius
2487 2077 2594 2115 esse,

305 2125 680 2178 Carthaginienses,
708 2127 845 2163 nuntio
865 2121 914 2162 de
933 2122 1046 2162 clade
1062 2135 1225 2162 suorum
1249 2127 1437 2174 accepto,
1464 2136 1607 2162 novum
1621 2125 1663 2161 in
1681 2122 1860 2162 Siciliam
1884 2125 2048 2163 misisse
2076 2128 2290 2163 exercitum
2302 2154 2315 2175 ,
2344 2129 2410 2177 qui
2429 2131 2471 2165 et
2491 2131 2596 2166 insu-

305 2187 370 2228 lae
391 2191 579 2241 regiones
597 2199 671 2226 suo
686 2189 853 2239 imperio
869 2185 1073 2226 subiectas
1089 2189 1290 2236 tueretur,
1318 2189 1360 2225 et
1385 2185 1527 2225 hostes
1553 2185 1603 2225 ab
1629 2188 1798 2226 traiectu
1823 2189 1863 2227 in
1878 2185 2055 2227 Africam
2076 2188 2323 2239 prohiberet,
2354 2202 2469 2241 quam
2487 2196 2596 2230 metu

305 2250 500 2303 impulsos
518 2249 648 2290 fuisse
674 2255 757 2290 tam
785 2249 1019 2300 immodico,
1057 2253 1101 2289 ut
1120 2248 1221 2288 nihil
1242 2248 1352 2288 aliud
1377 2248 1572 2302 agendum
1595 2249 1673 2289 sibi
1690 2254 1920 2301 censerent,
1956 2253 2034 2290 nisi
2059 2256 2102 2289 ut
2119 2251 2256 2291 urbem
2280 2264 2392 2291 suam
2419 2257 2596 2293 exercitu

306 2318 443 2355 coacto
463 2312 667 2354 firmarent
685 2312 882 2355 adversus
901 2313 1063 2364 hostes,
1092 2315 1159 2367 qui
1177 2326 1269 2353 num
1289 2325 1399 2353 mare
1418 2316 1622 2355 traiecturi
1646 2318 1807 2365 essent,
1834 2316 2141 2354 incertissimum
2166 2321 2253 2355 erat
2271 2320 2312 2354 et
2337 2328 2387 2356 ne
2405 2308 2598 2358 credibile

306 2377 473 2431 quidem.

410 2461 454 2501 ln
475 2461 768 2512 posterioribus
791 2466 852 2502 uti
872 2462 1038 2502 Hicetae
1054 2464 1270 2502 extremam
1293 2460 1489 2500 fortunam
1507 2463 1764 2513 paucissimis
1783 2460 1984 2501 Diodorus
1999 2464 2161 2515 attingit
2177 2463 2331 2513 verbis,
2362 2466 2421 2503 ita
2440 2466 2599 2517 ignorat

306 2524 432 2575 idem,
462 2535 564 2576 quae
591 2522 640 2563 de
663 2522 857 2566 Mamerci
873 2526 1028 2566 ultimis
1053 2524 1260 2565 conatibus
1281 2529 1408 2576 atque·
1422 2527 1542 2564 exitio
1568 2523 1731 2564 tradidit
1751 2524 1990 2563 Plutarchus
2014 2537 2048 2563 c.
2068 2525 2132 2564 34.
2188 2525 2356 2576 Contra,
2388 2540 2489 2578 quae
2505 2528 2598 2566 Dio-

307 2587 427 2628 dorus
451 2599 485 2626 c.
504 2586 560 2627 82
581 2590 738 2638 narrat,
773 2590 902 2630 victos
929 2602 955 2630 a
970 2587 1219 2630 Timoleonte
1244 2586 1485 2640 Campanos,
1524 2589 1591 2639 qui
1616 2585 1786 2628 Aetnam
1813 2585 1998 2639 oppidum
2022 2591 2225 2639 tenerent,
2261 2594 2304 2629 et
2325 2589 2595 2639 Nicodemum,

307 2651 648 2703 Centoripinornm
666 2654 889 2702 tyrannum,
916 2665 968 2692 ex
985 2652 1129 2704 oppido
1142 2651 1315 2704 pulsum,
1341 2655 1384 2691 et
1394 2648 1709 2703 Apolloniadem,
1724 2649 2034 2705 Agyrinensium
2045 2654 2277 2705 principem,
2296 2659 2472 2693 coactum
2488 2664 2596 2704 esse,

306 2717 351 2754 ut
368 2713 579 2767 tyrannide
609 2726 656 2755 se
677 2711 901 2764 abdicaret,
927 2727 980 2756 ea
1004 2718 1063 2756 ita
1083 2715 1358 2768 complectitur
1385 2712 1643 2765 Plutarchus,
1678 2719 1724 2754 ut
1744 2727 1883 2755 omnes
1905 2719 2062 2755 omnino
2082 2716 2247 2756 Siciliae
2268 2721 2466 2765 civitates,
2495 2728 2599 2767 quae

308 2776 379 2816 illo
403 2780 584 2829 tempore
599 2789 625 2819 a
645 2779 827 2831 tyrannis
848 2789 1066 2832 oppressae
1087 2782 1339 2830 tenerentur,
1367 2789 1392 2818 a
1406 2775 1655 2819 Timoleonte
1672 2776 1779 2819 dicat
1798 2781 1839 2819 in
1854 2777 2082 2820 libertatem
2099 2791 2194 2820 esse
2209 2778 2436 2819 vindicatas.

414 2859 558 2900 Oculis
585 2860 875 2904 Timoleontem
903 2864 944 2902 in
967 2866 1174 2904 senectute
1200 2867 1360 2917 captum
1386 2873 1502 2914 esse,
1541 2859 1704 2903 silentio
1725 2865 1920 2916 praeterit
1935 2859 2159 2913 Diodorus,
2197 2862 2246 2902 de
2268 2866 2398 2902 morte
2422 2862 2535 2904 illius
2560 2870 2603 2904 et

311 2922 542 2977 sepultura,
571 2936 619 2963 ac
639 2924 689 2965 de
706 2926 940 2967 solennibus
967 2929 1009 2965 in
1035 2929 1126 2965 eius
1146 2927 1335 2967 honorem
1358 2928 1553 2966 institutis
1571 2924 1735 2967 brevius
1759 2926 1917 2981 quidem
1940 2928 2099 2979 exponit
2123 2923 2285 2975 (0.90),
2314 2938 2433 2978 quam
2448 2926 2603 2967 Plutar-

315 2988 415 3028 chus
428 3016 442 3038 ,
470 2985 616 3027 sedita
634 2991 766 3030 tamen
778 3018 791 3040 ,
828 2993 932 3031 utin
949 2992 1132 3031 maximis
1148 2990 1270 3031 rebus
1289 3003 1377 3032 cum
1393 3001 1443 3030 eo
1463 2991 1698 3030 consentiat.

2325 3058 2349 3093 2
