2888 3512
39 905 53 921 d·
39 839 52 870 ἐν)
41 739 57 832 ,xa-,61:0⁴
43 696 59 731 ‚13-
46 667 55 689 ζμ.
49 649 54 655 ,
50 632 56 642 „—

1294 249 1553 288 ...17-

278 383 430 421 crimini
448 385 690 430 vertentem,
719 382 765 419 ut
789 376 971 417 consulto
993 388 1083 418 eum
1108 377 1314 418 insimulet
1332 381 1375 417 et
1393 380 1557 418 auxisse
1577 379 1708 416 omnia
1728 381 1770 416 et
1798 379 2066 429 imminuisse,
2106 380 2225 431 prout
2249 373 2434 416 laudandi
2450 373 2580 413 Timo-

277 446 424 486 leontis
445 447 652 486 consilium
671 443 886 496 flagitaret.
941 442 1115 482 Primum
1137 445 1241 482 enim
1259 455 1337 481 non
1357 446 1527 495 quinque
1545 442 1707 481 milibus
1724 441 1912 492 militum,
1941 442 1982 481 id
2005 441 2110 494 quod
2125 441 2232 482 Schl.
2257 443 2460 493 opinatur,
2487 437 2578 475 Plu·

277 511 439 550 tarchus
453 511 548 551 dicit
567 507 854 549 Timoleontem
875 519 1092 558 superasse
1114 509 1315 559 ingentem
1341 510 1558 546 exercitum
1577 505 1810 546 Poenorum.
1867 505 1971 545 Nam
1993 506 2208 545 secundum
2233 519 2308 555 ea,
2347 515 2450 556 quae
2477 501 2593 540 nunes

278 574 464 629 leguntur
489 571 592 627 apud
606 570 879 622 Plutarchum,
908 570 1117 610 Timoleon
1135 569 1234 609 urbe
1250 570 1454 623 profectus
1479 575 1545 610 est
1570 583 1658 609 cum
1686 571 1815 610 tribus
1836 570 1997 610 milibus
2021 572 2187 620 civium,
2224 574 2393 622 qnatuor
2413 565 2577 607 milibus

278 642 628 684 mercenariorum,
657 647 707 674 ex
721 635 863 686 quibus
881 640 1093 686 postquam
1110 634 1222 673 mille
1240 634 1326 673 fere
1345 638 1385 673 in
1412 637 1555 674 itinere
1574 634 1788 673 deseruere
1815 634 1976 683 ducem,
2006 646 2081 672 sex
2098 632 2209 672 milia
2232 633 2401 671 militum
2420 629 2576 682 proelio

277 702 548 742 interfuerunt.
613 697 847 750 Quanquam
875 696 1079 737 fatendum
1108 702 1195 748 est,
1235 710 1419 737 numeros
1452 711 1477 737 a
1504 697 1718 737 Plutarcho
1751 698 1902 737 relatos
1937 711 2014 736 non
2040 708 2260 749 congruere
2290 695 2575 746 computationi

278 777 393 817 quam
413 762 517 813 idem
538 765 710 813 scriptor
727 765 863 800 narrat
884 761 933 800 ab
961 764 1218 800 mercenariis
1242 761 1448 801 seditiosis
1471 765 1610 801 initam
1638 773 1755 813 esse3
1782 762 1856 800 hos
1882 765 1986 801 enim
2006 765 2064 800 ait
2092 760 2162 800 ille
2190 762 2366 798 insaniae
2388 760 2576 809 arguisse

277 826 563 867 Timoleontem
575 854 586 875 ,
616 824 721 877 quod
737 827 994 877 septuaginta
1008 823 1229 864 Poenorum
1242 825 1353 864 milia
1372 824 1541 878 aggredi
1562 824 1728 865 auderet
1746 828 1916 877 quinque
1933 824 2094 864 milibus
2112 822 2310 876 peditum,
2338 821 2450 861 mille
2468 822 2576 872 equi-

277 892 406 940 tibus3
435 891 544 941 atqui
570 888 905 936 huiusexercitus
926 899 1021 940 pars
1045 887 1106 928 illi
1127 891 1205 941 ipsi
1225 894 1361 941 erant,
1391 893 1458 942 qui
1473 888 1667 929 seditiose
1687 893 1770 927 tum
1791 889 1983 942 agebant3
2019 900 2117 941 ergo
2141 887 2281 928 horum
2304 886 2487 926 discessu
2506 887 2576 923 im·

277 958 425 994 minuto
443 955 620 990 exercitu
639 965 717 990 non
738 964 830 1001 sex,
859 951 932 990 sed
953 955 1124 1004 quinque
1139 952 1250 991 milia
1267 953 1436 992 militum
1453 958 1667 1005 potuerunt
1691 952 1887 1004 proelium
1907 955 2018 991 inire.
2076 951 2209 991 Quare
2226 950 2406 991 mendosi
2423 947 2575 1000 aliquid

276 1022 372 1070 puto
391 1019 431 1055 in
447 1014 627 1055 hocloco
642 1028 758 1066 esse,
788 1028 865 1067 quo
883 1028 1134 1055 numerorum
1152 1028 1372 1056 consensus
1390 1016 1513 1055 fuerit
1530 1017 1727 1055 turbatus.
1784 1016 1866 1055 Sed
1883 1017 1983 1055 haec
1999 1021 2195 1067 utcunque
2211 1016 2368 1064 habent,
2399 1014 2438 1052 id
2454 1012 2575 1051 facile

277 1078 550 1129 concedimus,
578 1077 854 1129 Plutarchum,
883 1078 933 1118 ab
962 1081 1015 1118 iis
1044 1080 1293 1130 auctoribus,
1324 1092 1425 1133 quos
1451 1083 1491 1119 in
1514 1080 1590 1119 hac
1617 1083 1699 1119 vita
1720 1079 1930 1120 scribenda
1950 1083 2146 1133 sequutus
2167 1083 2252 1129 est,
2290 1078 2493 1130 deceptum
2515 1076 2573 1126 ²²²),

276 1148 384 1183 iusto
407 1146 600 1182 minorem
638 1142 787 1182 fecisse
813 1142 1154 1195 Syracusanorum
1191 1147 1430 1194 exercitum,
1479 1147 1653 1183 maiores
1681 1143 1903 1183 Poenorum
1929 1147 2079 1197 copias.
2146 1142 2249 1182 Quis
2276 1144 2379 1180 enim
2407 1144 2571 1190 nesciat,

277 1213 424 1260 quanta
436 1210 476 1246 in
493 1206 641 1246 talibus
659 1210 897 1259 scriptorum
918 1212 1168 1259 antiquorum
1183 1208 1305 1247 fuerit
1320 1208 1487 1257 levitas,
1516 1213 1559 1246 et
1574 1213 1817 1259 quantopere
1837 1209 2053 1247 cavendum
2072 1211 2147 1257 sit,
2177 1220 2225 1245 ne
2245 1207 2310 1245 vel
2329 1219 2489 1245 suarum
2512 1219 2574 1243 co-

275 1274 429 1324 piarum
449 1273 707 1324 exiguitatem
733 1268 797 1310 vel
820 1269 995 1310 hostium
1023 1273 1254 1310 immensam
1277 1270 1567 1310 multitudinem
1587 1271 1800 1310 ambitiose
1827 1271 2147 1323 praedicantibus
2175 1276 2326 1309 temere
2353 1268 2572 1308 credamus.

277 1334 357 1375 Sed
376 1338 435 1374 uti
451 1333 558 1374 Schl.
578 1337 666 1387 ipse
684 1337 850 1387 egregie
867 1333 1054 1373 nonnulla
1072 1337 1245 1385 monuit,
1275 1334 1418 1387 quibus
1437 1334 1658 1375 Poenorum
1685 1335 1735 1374 ab
1755 1335 1938 1375 hostibus
1957 1334 2076 1389 longe
2100 1334 2355 1387 paucioribus
2380 1336 2573 1372 victorum

277 1399 412 1438 clades
431 1402 560 1438 minus
577 1401 678 1437 mira
694 1398 896 1437 videretur
917 1411 1011 1436 esse
1032 1404 1152 1450 atque
1168 1398 1411 1437 incredibilis
1423 1427 1434 1448 ,
1469 1402 1526 1437 ita
1545 1399 1727 1451 equidem
1748 1411 1873 1452 nego,
1911 1402 1948 1437 si
1967 1399 2060 1450 quid
2085 1398 2181 1437 falsi
2201 1398 2249 1437 de
2276 1402 2357 1436 ista
2374 1410 2417 1436 re
2438 1410 2462 1436 a
2482 1397 2574 1436 Plu-

258 1462 413 1502 .tarcho
440 1462 562 1502 fuerit
587 1460 806 1514 proditum,
850 1461 892 1501 id
917 1465 1048 1512 ipsum
1077 1465 1312 1513 scriptorem
1340 1475 1463 1513 pravo
1491 1462 1692 1501 inductum
1717 1462 1981 1501 Timoleontis
2010 1462 2195 1501 laudibus
2226 1462 2418 1501 evehendi
2442 1461 2574 1500 studio

276 1529 506 1565 ementitum
530 1537 649 1575 esse,
686 1524 751 1563 vel
776 1527 848 1573 iiS,
888 1536 989 1575 quae
1009 1523 1210 1563 Diodorus
1230 1523 1393 1563 tradidit
1414 1523 1557 1563 iisdem
1578 1524 1627 1563 de
1644 1524 1785 1575 rebus,
1815 1525 1946 1575 effici,
1974 1530 2019 1563 ut
2050 1528 2092 1564 in
2123 1525 2198 1564 hoc
2229 1528 2424 1577 scriptore
2450 1528 2577 1564 maior

276 1603 392 1641 quam
411 1592 451 1627 in
467 1588 682 1628 Plutarcho
701 1587 831 1626 fuisse
850 1586 1023 1638 putanda
1044 1591 1099 1626 sit
1118 1591 1302 1626 veritatis
1326 1587 1544 1640 diligentia.
1600 1587 1745 1640 Neque
1770 1592 1874 1628 enim
1896 1589 2026 1627 solum
2046 1588 2312 1640 Syracusanis
2324 1618 2335 1638 ,
2366 1588 2437 1626 sed
2455 1592 2574 1626 etiam

276 1651 672 1705 Carthaginiensibus
689 1650 781 1702 plus
800 1653 942 1690 virium
958 1650 1097 1690 tribuit
1112 1649 1335 1701 Diodorus,
1364 1654 1509 1703 quippe
1528 1654 1593 1702 qui
1617 1664 1706 1691 cum
1724 1651 1971 1691 Timoleonte
1999 1651 2202 1691 duodecim
2228 1652 2337 1691 milia
2355 1651 2575 1703 prodiderit

275 1717 403 1755 fuisse
422 1715 612 1764 militum,
641 1714 862 1752 Poenorum
880 1719 1012 1752 autem
1032 1717 1287 1766 septuaginta
1311 1714 1472 1753 milibus
1490 1713 1689 1753 addiderit
1712 1714 1849 1754 decem
1881 1715 1991 1755 milia
2017 1718 2192 1766 equitum
2223 1727 2271 1753 ac
2288 1714 2467 1767 bigarum
2481 1745 2492 1765 ,
2524 1715 2572 1754 de

276 1780 417 1832 quibus
437 1778 535 1817 nihil
548 1780 726 1817 invenias
747 1789 772 1815 a
786 1776 999 1815 Plutarcho
1016 1776 1173 1816 dictum.
1228 1775 1366 1829 Itaque
1386 1777 1490 1829 apud
1509 1776 1727 1817 Diodorum
1750 1791 1906 1830 quoque
1920 1777 2042 1817 Poeni
2061 1782 2212 1817 tantum
2233 1785 2422 1830 superant
2441 1779 2571 1818 multi-

275 1844 409 1884 tudine
429 1842 704 1894 Syracusanos
716 1871 727 1891 ,
756 1845 820 1889 ut,
851 1844 887 1879 si
905 1843 1035 1879 severi
1062 1840 1205 1879 iudicis
1231 1854 1354 1892 agere
1371 1842 1474 1880 velis
1491 1847 1651 1893 parteS,
1681 1842 1860 1881 eiusdem
1878 1842 1963 1881 fere
1982 1842 2123 1893 culpae
2143 1848 2310 1892 uterque
2328 1842 2570 1881 damnandus

276 1911 329 1947 sit
344 1911 526 1960 scriptor.
581 1905 797 1945 Praeterea
816 1903 889 1943 hoc
911 1917 1065 1955 quoque
1089 1909 1324 1957 argumento
1343 1904 1480 1944 licebit
1496 1904 1700 1944 Plutarchi
1724 1905 1925 1945 defensori
1952 1909 2032 1955 uti,
2063 1905 2166 1957 quod
2188 1909 2227 1944 in
2253 1919 2387 1957 pugna
2408 1906 2572 1945 Adrani-

274 1976 367 2011 tana
385 1970 550 2010 Hicetae
573 1967 729 2021 quidem
744 1979 879 2020 parem
901 1972 1067 2020 uterque
1096 1970 1268 2020 scriptor
1294 1967 1434 2008 tribuit
1453 1967 1622 2008 militum
1645 1980 1867 2019 numerum,
1897 1974 1939 2008 at
1961 1968 2222 2009 Timoleontis
2247 1968 2447 2009 Diodorus
2475 1969 2571 2010 dicit

274 2036 383 2074 mille
410 2035 539 2073 fuisse
568 2032 739 2080 milites,
775 2025 1012 2070 Plutarchus
1041 2029 1151 2070 mille
1177 2032 1389 2080 ducentos,
1419 2032 1542 2081 unde,
1585 2036 1621 2071 si
1648 2036 1737 2083 quis
1766 2037 1865 2071 tanti
1892 2033 2025 2071 facere
2060 2033 2156 2071 velit
2187 2034 2381 2071 eiusmodi
2411 2034 2569 2081 indicia,

276 2100 512 2138 sententiam
535 2097 667 2149 possit
688 2093 736 2135 de
753 2092 966 2135 Plutarcho
986 2093 1128 2134 ducere
1147 2097 1209 2145 ei,
1238 2107 1354 2147 quam
1372 2093 1638 2136 Schlosserus
1658 2095 1756 2146 fert,
1785 2096 1902 2149 plane
1922 2101 2169 2136 contrariam.

379 2161 550 2213 Reliqua
570 2159 619 2198 de
636 2157 885 2197 Timoleonte
903 2159 1076 2198 breviter
1095 2160 1253 2210 exponit
1269 2156 1374 2197 Schl.
1397 2162 1517 2211 atque
1540 2162 1620 2211 ita,
1651 2164 1694 2199 ut
1714 2162 1792 2200 iam
1814 2162 1964 2201 nonsit
1984 2159 2088 2213 quod
2112 2159 2258 2201 diutius
2285 2164 2321 2200 in
2344 2174 2571 2213 comparan-

277 2226 337 2262 dis
355 2225 584 2262 auctoribus
597 2228 861 2261 immoremur.

380 2286 506 2326 Unum
526 2286 601 2326 hac
617 2285 887 2338 disputatione
905 2288 1034 2323 conati
1055 2297 1192 2323 sumus
1218 2284 1398 2334 efficere,
1427 2292 1471 2323 ut
1492 2294 1707 2337 appareat,
1737 2291 1789 2326 iis
1808 2288 1988 2326 omnibus
2010 2288 2128 2337 locis,
2158 2289 2298 2337 quibus
2312 2288 2570 2327 Plutarchum

275 2349 587 2401 posthabendum
603 2352 759 2389 censuit
777 2348 1041 2388 Schlosserus
1059 2347 1256 2397 Diodoro,
1287 2361 1362 2387 non
1381 2348 1511 2388 fuisse
1539 2350 1652 2390 illum
1682 2351 1994 2403 posthabendum
2007 2380 2018 2400 ,
2047 2355 2086 2388 et
2104 2362 2204 2402 quae
2228 2362 2278 2389 ex
2296 2349 2503 2390 Plutarchi
2530 2359 2570 2390 et

276 2412 439 2452 Diodori
459 2413 574 2452 libris
594 2413 642 2452 de
662 2412 924 2452 Timoleontis
949 2412 1068 2451 rebus
1088 2415 1297 2452 commixta
1320 2412 1501 2464 vulgavit
1523 2414 1627 2453 idem
1647 2417 1709 2453 vir
1732 2415 2008 2464 doctissimus,
2037 2427 2084 2452 ea
2106 2421 2268 2465 propter
2289 2419 2462 2467 iniquam
2481 2417 2569 2454 Plu-

276 2476 401 2517 tarchi
422 2479 724 2516 contemtionem
745 2488 872 2529 neque
896 2479 986 2528 ipsa
1002 2479 1105 2516 inter
1123 2488 1168 2515 se
1187 2478 1287 2515 satis
1306 2481 1398 2529 apte
1422 2489 1598 2518 connexa
1620 2490 1734 2529 esse,
1764 2491 1888 2530 neque
1916 2492 2003 2519 cum
2028 2481 2079 2517 iis
2105 2481 2141 2518 si
2165 2478 2438 2531 conferantur,
2468 2494 2568 2532 quae

275 2540 511 2580 Plutarchus
528 2543 740 2580 memoriae
761 2539 934 2594 prodidit
946 2569 957 2591 ,
987 2544 1175 2581 maiorem
1192 2539 1338 2579 habere
1355 2552 1379 2580 a
1393 2541 1676 2592 probabilitate
1696 2544 1857 2595 verique
1878 2541 2133 2583 similitudine
2150 2543 2539 2586 commendationem.

317 2677 353 2715 *)
376 2676 453 2709 Huc
476 2686 563 2719 quae
585 2676 778 2718 pertineam
800 2679 967 2713 nonnulla
989 2690 1214 2723 congeremus
1236 2684 1269 2711 in
1291 2678 1556 2719 disputationem
1577 2680 1621 2713 de
1643 2679 1747 2713 huius
1770 2681 1863 2712 Vitae
1887 2679 2052 2713 tontibus.
