2888 3491
1355 236 1616 278 ...14-

327 366 566 424 aagendam,
592 362 799 404 sedetiam
816 359 1078 402 difficultates
1095 373 1170 403 eas
1189 373 1327 404 omnes
1344 363 1506 415 inferat,
1533 362 1585 405 de
1601 363 1746 419 quibus
1765 363 2262 419 disseruimus‘Prolngl.
2275 378 2369 421 pag.
2380 366 2521 420 13sq„
2548 368 2634 407 inre

329 434 508 476 videmur
523 439 737 482 quaerere,
768 426 863 479 quid
876 430 1119 479 permoverit
1144 430 1271 468 virum
1293 426 1567 469 doctissimum
1579 458 1592 480 ,
1620 433 1665 469 ut
1683 432 1722 469 in
1742 434 1858 482 parte
1879 430 2015 483 aliqua
2034 442 2060 471 a
2079 428 2298 470 Plutarcho
2313 430 2520 471 discedere
2540 429 2637 470 mal-

331 499 410 547 let,
438 506 555 546 quam
576 496 738 544 integra
757 490 924 531 reddere
944 495 1065 542 atque
1084 494 1334 543 incorrupta,
1363 505 1465 545 quae
1484 493 1633 532 tradita
1657 497 1751 532 sunt
1776 493 1826 532 ab
1848 494 1989 534 eodem
2014 493 2196 535 omnibus
2221 493 2405 546 partibus
2427 496 2636 546 aptissime

332 570 506 601 connexa
535 560 656 607 atque
685 558 851 608 egregie
877 557 981 595 inter
1001 565 1047 594 se
1075 556 1367 608 congruentia?
1403 555 1493 595 (luo
1513 561 1646 595 autem
1671 555 1789 596 modo
1809 557 1997 598 effectum
2019 562 2096 609 sit,
2133 562 2179 597 ut
2198 556 2487 609 Syracusarum
2505 548 2638 595 arcem

330 621 508 662 traderet
526 619 750 672 Dionysius
774 616 1036 668 Timoleonti,
1066 631 1249 672 quaeque
1275 618 1486 659 deditionis
1507 619 1630 659 fuerit
1651 623 1755 659 ratio
1781 632 1829 660 ac
1847 619 2043 671 conditio,
2072 633 2201 672 neque
2219 633 2269 660 ex
2285 619 2452 659 Diodori
2467 623 2638 669 omnino,

331 696 461 738 neque
485 696 535 723 ex
552 682 759 722 Plutarchi
779 684 1019 721 auctoritate
1046 682 1200 725 retulit.
1214 682 1500 732 Schlosserus,
1538 686 1596 721 ita
1614 688 1770 733 tamen,
1808 687 1852 722 ut
1876 696 1900 723 a
1915 682 2094 722 Diodoro
2122 687 2287 736 propius
2312 683 2440 733 absit,
2477 693 2596 734 quam
2614 694 2641 721 a

333 747 565 790 Plutarcho.
622 745 725 785 Nam
741 744 958 787 Plutarcho
980 749 1089 786 teste
1106 758 1184 801 sua
1210 751 1351 799 sponte
1366 746 1587 799 Dionysius
1609 746 1869 801 Timoleonti,
1908 750 2021 798 prius
2045 757 2163 799 quam
2188 746 2241 786 ad
2258 746 2483 799 Syracusas
2508 756 2641 784 acces-

334 817 476 863 sisset,
498 811 704 865 pollicitus
731 813 815 860 est,
845 821 980 850 arcem
1010 821 1057 849 se
1082 809 1326 861 dediturum,
1366 810 1506 850 deinde
1522 814 1648 851 misso
1674 814 1714 850 in
1742 810 2183 850 arcemCorinthiornm
2208 810 2410 862 praesidio
2436 823 2525 849 cum
2549 820 2642 848 aroe

333 876 499 916 tradidit
517 885 776 927 quaecunque
793 873 880 913 illic
897 873 1212 913 asservabantur
1229 874 1279 914 ad
1294 873 1391 915 belli
1408 887 1523 914 usum
1537 904 1549 926 ,
1577 879 1780 927 postremo
1797 877 1885 927 ipse
1909 887 1998 914 cum
2012 876 2153 927 paneis
2166 873 2431 914 familiaribus
2447 877 2510 924 et,
2537 870 2643 926 quod

334 954 385 980 ex
402 932 609 979 Plutarchi
630 938 737 978 dicto
755 927 979 992 χρήματα
997 928 1169 986 λαβών
1191 926 1476 990 ἐξέπλευσεν
1496 938 1652 979 videtur
1670 939 1851 989 elucere,
1880 951 1968 978 cum
1990 943 2106 991 parte
2123 942 2276 977 tantum
2296 937 2530 978 facultatum
2553 949 2643 976 sua-

335 1018 424 1045 rum
443 1004 545 1043 abiit
575 1005 616 1042 ln
637 1006 774 1042 castra
795 1001 1072 1043 Timoleontis.
1138 1000 1315 1041 Diodoro
1341 1008 1503 1043 auctore
1533 1002 1764 1052 Timoleon,
1803 1015 1920 1054 quum
1947 1002 2115 1054 reliquis
2141 1001 2253 1041 urbis
2281 1002 2463 1053 partibus
2491 1004 2643 1052 potitus

336 1072 453 1108 esset
466 1096 478 1117 ,
506 1066 707 1118 Dionysio
727 1070 855 1105 tutum
883 1064 970 1105 fore
988 1068 1027 1105 in
1045 1064 1364 1117 Peloponnesum
1383 1069 1460 1106 iter
1477 1066 1635 1118 publica
1661 1065 1740 1106 fide
1760 1070 1971 1118 praestans
1990 1071 2031 1106 et
2051 1069 2293 1119 privatarum
2312 1078 2430 1117 opum
2448 1068 2644 1117 integram

340 1130 544 1185 spondens
575 1134 878 1182 possessionem
906 1132 1130 1181 persuasit,
1167 1132 1212 1168 ut
1246 1141 1378 1169 arcem
1403 1130 1481 1170 sibi
1509 1130 1682 1170 dederet.
1710 1141 1719 1151 ·
1747 1128 2034 1169 Schlosserns:
2070 1128 2238 1181 „Freier
2260 1127 2426 1181 Abzug,
2471 1126 2542 1166 der
2571 1127 2645 1166 Be-

343 1200 423 1238 sitz
446 1198 581 1233 seiner
599 1198 767 1245 eigenen
790 1193 983 1241 Schatze,
1012 1191 1091 1231 und
1105 1191 1270 1244 ruhiges
1289 1191 1425 1231 Leben
1445 1196 1484 1232 in
1505 1192 1677 1232 Korinth
1692 1192 1804 1232 ward
1824 1193 1904 1232 ihm
1920 1193 2199 1246 zugesichert‚
2229 1204 2276 1232 es
2299 1191 2397 1245 geht
2414 1191 2511 1231 aber
2537 1190 2646 1230 deut-

341 1259 422 1299 lich
442 1269 516 1296 aus
537 1257 626 1295 dem
641 1254 1014 1305 Zusammenhange
1034 1254 1201 1303 hervet,
1231 1266 1319 1293 was
1341 1254 1498 1293 freilich
1520 1255 1584 1294 die
1603 1258 1788 1307 wenigen
1807 1255 2119 1307 Schriftsteller,
2148 1255 2212 1295 die
2228 1258 2305 1295 wir
2323 1255 2422 1294 fiber
2442 1254 2554 1294 diese
2573 1253 2647 1294 Ge-

339 1320 546 1362 schichten
566 1317 685 1370 iibrig
703 1317 854 1367 haben,
891 1329 968 1356 von
991 1316 1117 1356 ihrem
1137 1315 1292 1356 Helden
1321 1317 1400 1357 und
1427 1321 1565 1357 seinen
1586 1317 1911 1370 Republikanern
1932 1319 2041 1357 nicht
2060 1319 2321 1371 eingestehen
2346 1318 2514 1367 wollen,
2551 1317 2647 1355 dass

338 1385 404 1424 die
421 1380 692 1434 Capitulation
708 1379 888 1419 schlecht
905 1378 1096 1433 gehalten
1113 1379 1238 1420 ward.
1294 1377 1485 1421 Plutarch
1506 1381 1637 1421 selbst
1660 1381 1797 1421 deutet
1819 1380 2012 1435 iibrigens
2032 1381 2109 1422 den
2133 1380 2376 1434 armseligen
2392 1380 2555 1433 Aufzug
2583 1393 2664 1430 an,

337 1452 381 1488 in
398 1446 598 1486 welchem
613 1444 837 1496 Dionysius
863 1444 964 1482 nach
980 1443 1153 1482 Korinth
1169 1444 1363 1494 gebracht
1380 1445 1518 1484 wurde
1529 1472 1541 1494 ,
1569 1444 1647 1483 und
1670 1445 1783 1498 gicht
1799 1457 1853 1485 zu
1867 1444 2102 1496 verstehen,
2130 1444 2227 1485 dass
2245 1457 2290 1484 er
2310 1444 2443 1498 gleich
2465 1443 2555 1484 dort
2572 1457 2649 1484 von

342 1510 506 1562 Anfang
527 1508 630 1548 ohne
657 1507 765 1548 allen
787 1506 914 1546 Glanz
942 1505 1023 1546 und
1043 1519 1167 1559 sogar
1192 1506 1294 1545 ohne
1312 1506 1468 1547 Wiirde
1486 1508 1638 1547 lebte.“
1692 1507 1747 1547 At
1768 1513 1950 1559 tempus,
1987 1521 2070 1559 qno
2084 1509 2184 1548 haec
2202 1512 2335 1547 omnia
2354 1508 2464 1547 facta
2480 1511 2582 1557 sint,
2612 1511 2649 1546 si

346 1587 425 1615 non
442 1584 539 1613 vere
557 1571 747 1611 indicavit
764 1569 989 1620 Diodorus,
1018 1581 1241 1622 quanquam
1263 1569 1314 1610 ad
1334 1574 1545 1610 eventuum
1563 1570 1739 1611 ordinem
1760 1584 1809 1611 ac
1831 1574 2024 1611 rationem
2049 1570 2334 1624 explanandam
2358 1574 2526 1610 maxime
2550 1570 2651 1610 illud

344 1642 436 1676 erat
454 1637 728 1674 necessarium
741 1661 755 1681 ‚
799 1646 874 1670 non
899 1632 1038 1681 video,
1078 1645 1149 1669 cur
1174 1632 1223 1670 de
1250 1636 1398 1671 ceteris
1425 1634 1546 1671 rebus
1564 1634 1657 1684 plns
1677 1637 1739 1683 ei,
1776 1646 1894 1685 quam
1912 1634 2150 1685 Plutarcho,
2188 1633 2437 1673 tribuendum
2464 1636 2519 1672 sit
2544 1633 2649 1673 fidei.

345 1699 449 1740 Nam
466 1698 543 1738 hoc
561 1710 680 1736 unum
696 1698 829 1747 possit
847 1694 994 1745 aliquis
1011 1693 1178 1734 Diodori
1197 1693 1426 1733 firmaturus
1443 1699 1637 1734 rationem
1657 1690 1843 1745 obiicere,
1872 1696 2104 1736 credibilius
2120 1709 2230 1747 esse,
2256 1697 2507 1749 Dionysium,
2535 1708 2652 1748 quum

346 1768 472 1803 totam
490 1761 629 1801 urbem
648 1763 688 1800 in
706 1757 970 1800 Timoleontis
993 1756 1147 1797 videret
1171 1770 1266 1797 esse
1285 1761 1510 1811 potestate,
1546 1762 1591 1799 nt
1613 1757 1821 1811 tyrannide
1842 1770 1889 1799 se
1908 1758 2113 1800 abdicaret
2131 1763 2352 1812 permotum
2373 1772 2493 1811 esse,
2521 1773 2650 1811 quam,

347 1832 581 1881 priusquam
601 1823 809 1863 Timoleon
837 1822 887 1860 ad
911 1822 1049 1860 urbem
1079 1821 1310 1871 accederet,
1347 1827 1490 1874 sponte
1512 1821 1552 1861 id
1575 1820 1709 1861 facere
1730 1821 1971 1862 decrevisse.
2026 1822 2114 1864 Nec
2135 1835 2231 1863 vero
2250 1826 2381 1864 minus
2400 1829 2492 1876 apte
2517 1823 2652 1863 licebit

347 1889 616 1943 respondere,
644 1887 882 1939 Dionysium
909 1898 957 1925 eo
982 1889 1062 1925 iam
1088 1890 1288 1936 tempore,
1328 1898 1405 1937 quo
1437 1884 1677 1925 Plutarchus
1701 1898 1791 1926 eum
1814 1887 1997 1938 perhibet
2021 1887 2257 1927 deditionem
2286 1887 2516 1927 meditatum
2543 1899 2651 1937 esse,

347 1960 389 1996 in
409 1964 588 1994 summas
609 1950 821 1991 adductum
850 1949 980 1989 fuisse
1008 1952 1238 2002 augustias,
1278 1953 1398 2001 atque
1419 1948 1671 1990 intellexisse
1699 1950 1805 1991 haud
1830 1950 1967 2001 dubie,
2002 1954 2090 1991 sive
2117 1951 2283 1991 Hicetas
2303 1965 2391 1991 cum
2417 1950 2564 1990 Poenis
2589 1964 2653 1990 su-

347 2021 577 2071 peravisset
594 2014 822 2055 Corinthios
836 2043 848 2063 ,
877 2009 963 2052 sive
989 2012 1085 2051 illos
1108 2016 1273 2051 vicisset
1289 2012 1496 2052 Timoleon
1507 2041 1519 2062 ,
1557 2013 1665 2052 nullo
1683 2019 1799 2064 pacto
1819 2026 1933 2053 suam
1951 2014 2028 2053 sihi
2050 2019 2252 2053 servatum
2270 2017 2319 2053 iri
2336 2014 2651 2053 dominationem.

351 2081 483 2123 Multo
501 2085 634 2121 autem
652 2081 818 2132 gravius
835 2081 954 2128 atque
971 2075 1155 2116 acerbius
1171 2075 1231 2115 illi
1248 2074 1418 2116 debebat
1436 2088 1531 2116 esse
1546 2079 1586 2116 in
1602 2075 1788 2129 Hicetae,
1817 2091 1933 2130 quam
1951 2081 1992 2118 in
2011 2078 2275 2119 TImoleontis
2289 2081 2425 2117 venire
2444 2076 2652 2129 ditionem3

352 2136 521 2186 Hicetas
545 2147 648 2183 enim
668 2143 719 2182 ob
738 2147 898 2182 veteres
920 2143 1149 2179 inimicitias
1167 2144 1448 2192 potentiaeque
1465 2139 1770 2181 aemulationem
1787 2144 1963 2193 invisus,
1994 2155 2132 2195 quum,
2161 2141 2272 2181 nulla
2289 2140 2516 2193 impellente
2533 2152 2655 2180 causa

352 2210 557 2263 legitima,
585 2205 802 2254 malorum,
830 2204 974 2256 quihus
992 2204 1246 2256 premebatur
1261 2203 1484 2257 Dionysius
1496 2233 1509 2254 ,
1537 2217 1685 2256 magna
1700 2217 1749 2245 ex
1776 2210 1890 2261 parte
1911 2211 2050 2245 auctor
2064 2210 2196 2255 esset,
2224 2210 2318 2244 tunc
2336 2217 2427 2243 eum
2444 2209 2486 2243 et
2501 2205 2653 2255 proelio

353 2273 577 2320 devicerat,
606 2273 648 2309 et
665 2267 856 2307 obsidens
874 2280 1005 2307 arcem
1021 2267 1072 2307 ad
1089 2266 1254 2307 dedendi
1271 2280 1316 2306 se
1334 2270 1618 2307 necessitatem
1637 2278 1762 2318 paene
1778 2266 1981 2320 adegerat.
2037 2266 2153 2308 Illum
2171 2271 2297 2322 igitur
2318 2271 2408 2321 quss
2424 2279 2500 2307 non
2520 2267 2655 2308 credat

354 2341 466 2377 tauto
492 2334 584 2374 odio
610 2332 744 2372 fuisse
760 2331 980 2383 Dionysio,
1018 2336 1062 2370 ut
1089 2331 1187 2370 nulli
1212 2335 1342 2371 minus
1369 2332 1433 2370 hic
1462 2330 1662 2383 putandus
1688 2334 1742 2369 sit
1766 2343 2029 2371 concessurus
2051 2332 2184 2372 fuisse
2207 2335 2398 2371 victoriae
2419 2331 2590 2383 gloriam
2614 2337 2655 2371 et

355 2398 558 2441 fructum?
599 2395 755 2436 Deinde
783 2395 1002 2434 Corinthiis
1028 2397 1065 2434 si
1094 2406 1140 2434 se
1166 2393 1406 2445 dedidisset,
1444 2394 1571 2435 multo
1596 2393 1741 2434 melius
1769 2406 1933 2447 sperare
1966 2394 2112 2435 licebat
2137 2394 2334 2448 Dionysio
2361 2401 2503 2435 secum
2525 2400 2654 2436 actum

359 2466 408 2503 iri
421 2492 432 2512 ,
472 2475 587 2514 quam
605 2464 641 2499 si
667 2460 834 2499 Hicetae
858 2470 952 2497 sese
978 2461 1234 2516 permisisset
1256 2461 1466 2510 iniquitati.
1521 2457 1750 2497 Accedebat
1772 2457 1875 2510 quod
1902 2458 2109 2499 Timoleon
2132 2458 2341 2510 Corintho,
2379 2460 2656 2510 potentissima

359 2529 521 2567 civitate
541 2538 709 2577 graeca,
748 2523 1041 2576 Syracusarum
1059 2527 1246 2573 parente,
1282 2522 1333 2562 ad
1359 2522 1643 2574 rempublicam
1668 2526 1707 2561 in
1728 2522 1955 2562 libertatem
1979 2523 2251 2562 vindicandam
2271 2526 2443 2571 missus,
2481 2525 2654 2574 virtutis,

357 2588 612 2645 prudentiae,
639 2588 848 2628 felicitatis
873 2585 1083 2639 praeclara
1101 2588 1181 2625 iam
1201 2588 1304 2625 victo
1329 2585 1379 2625 ad
1396 2577 1599 2626 Adrafium
1621 2584 1765 2625 Hiceta
1781 2585 1944 2626 dederat
1961 2585 2207 2626 documenta.
2264 2584 2527 2624 Ouae=omnia
2544 2592 2656 2625 erant

358 2651 583 2702 eiusmodi,
619 2655 664 2690 ut
692 2663 768 2689 non
792 2654 961 2703 possent
983 2648 1221 2706 Dionysium
1241 2662 1317 2690 non
1334 2650 1558 2700 exhortari,
1600 2652 1645 2689 ut
1665 2648 1925 2691 Timoleontis
1943 2648 2086 2691 mallet,
2107 2662 2153 2691 se
2180 2650 2431 2690 committere·
2453 2647 2558 2690 fidei.
2612 2649 2656 2691 111

359 2731 456 2761 vero
475 2721 513 2755 si
531 2728 625 2754 mox
647 2719 767 2764 atque
783 2715 887 2753 ultro
906 2714 1098 2763 fecisset,
1128 2713 1254 2753 multo
1273 2714 1350 2751 sibi
1371 2714 1511 2753 utilius
1533 2712 1621 2750 fore
1638 2713 1910 2767 inteliligebat‚
1950 2725 2066 2765 quam
2094 2716 2138 2751 si
2151 2715 2359 2750 cunctatus
2377 2711 2577 2752 videretur
2600 2717 2656 2753 in,-

361 2783 469 2820 vitus
486 2776 646 2818 tandem
668 2775 812 2816 cedere
832 2780 1078 2818 necessitati.
1131 2775 1256 2828 Atqui
1282 2782 1423 2828 sponte
1440 2789 1489 2816 ac
1508 2788 1583 2814 sua
1599 2774 1799 2817 voluntate
1818 2780 1855 2817 si
1872 2780 1917 2816 in
1932 2776 2200 2817 Timoleontis
2215 2779 2519 2826 potestatemrse
2538 2777 2656 2815 tradi·-

362 2842 423 2882 dit
438 2840 679 2893 Dionysius,
709 2840 856 2880 saltem
881 2851 1052 2880 necesse·
1075 2854 1151 2880 non
1177 2845 1243 2880 est
1266 2845 1453 2893 putemus
1467 2868 1478 2890 ,
1517 2841 1726 2891 aequiores
1750 2843 1788 2881 ei
1809 2854 1834 2881 a
1854 2838 2104 2881 Timoleonte
2131 2837 2246 2879 datas
2274 2850 2368 2879 esse
2389 2839 2654 2892 conditiones3

360 2917 491 2960 neque
509 2905 750 2957 probandum
771 2903 930 2945 videtur
948 2916 1064 2954 esse,
1102 2908 1141 2945 si
1160 2908 1250 2957 quis
1273 2909 1437 2958 propter
1464 2902 1507 2943 id
1524 2916 1663 2955 unum,
1703 2904 1808 2957 quod
1831 2903 2033 2945 Diodorus
2059 2902 2233 2944 affimat
2254 2902 2449 2956 Dionysio
2477 2907 2655 2958 integras

362 2982 465 3024 opes
476 2971 658 3023 privatas
672 2982 697 3009 a
711 2969 964 3010 Timoleonte
981 2971 1204 3021 promissas
1224 2982 1334 3021 esse,
1362 2967 1571 3010 Plutarchi
1583 2967 1653 3009 vel
1665 2968 1765 3010 adeo
1782 2968 2050 3012 Timoleontis.
2060 2970 2197 3021 ipsius
2208 2969 2598 3022 vimperationemex
2608 2982 2656 3011 es
