2888 3491
1320 194 1584 235 ...10-

368 323 466 366 Jam
482 324 533 365 ad
549 324 664 368 tinem
685 320 879 374 perducta
895 333 1028 362 rerum
1050 321 1100 362 ab
1124 326 1295 375 utroque
1312 324 1508 373 scriptore
1532 320 1582 362 de
1600 320 1851 364 Timoleonte
1875 324 2111 365 traditarum
2131 333 2425 378 comparatione
2437 357 2449 380 ,
2477 330 2595 380 haec,

290 392 333 428 ni
354 388 491 437 fallor,
519 388 647 425 cuivis
667 384 810 425 lectori
828 384 1066 425 videbuntur
1089 389 1193 426 satis
1216 397 1310 426 vere
1327 384 1545 425 affirmari:
1584 384 1739 426 leviora
1758 387 1969 440 nonnulla,
1998 401 2241 442 quorumque
2265 394 2394 432 minor
2416 397 2531 434 esset
2546 392 2598 433 ad

293 455 421 504 ipsius
442 449 705 488 Timoleontis
738 448 1002 494 illustrandos
1029 463 1164 489 mores
1191 463 1238 489 ac
1259 453 1452 499 virtutes,
1489 448 1653 489 tradidit
1681 450 1885 491 Diodorus
1909 465 1936 491 a
1953 452 2170 492 Plutarcho
2199 456 2373 504 omissa,
2412 455 2600 503 nonnulla

293 515 395 555 idem
413 515 621 565 copiosius
639 518 681 552 et
700 515 927 552 accuratius
947 517 1148 564 tractavit,
1178 527 1293 567 quam
1302 511 1564 565 Plutarchus3
1589 517 1632 555 at
1646 516 1686 555 in
1707 513 1827 568 longe
1844 514 2028 567 plurimis
2043 521 2086 556 et
2101 520 2464 570 praestantissimis
2478 523 2599 571 parti.

292 576 626 619 busPlutarchus
641 577 701 616 'ita
721 579 928 629 super-avit
946 575 1167 617 Diodorum
1187 575 1369 618 narrandi
1387 577 1571 617 ubertate
1588 581 1631 617 et
1649 576 1877 631 diligentia,
1906 591 2117 633 rerumque
2136 584 2412 634 expositarum
2425 586 2470 621 et
2485 587 2601 636 copia

291 647 335 682 et
350 641 650 695 probabilitate,
679 646 735 692 ut,
766 644 803 680 si
824 640 1030 681 Plutarchi
1048 641 1153 681 libro
1168 655 1245 681 non
1266 645 1461 691 exstante,
1492 639 1644 681 ex-solo
1661 640 1840 682 Diodoro
1861 646 1989 683 omnis
2010 643 2229 685 haurienda
2250 650 2362 685 esset
2377 644 2602 687 Timoleon-

292 708 349 745 tis
369 708 536 757 notitia,
575 718 706 746 rerum
733 704 894 745 illarum
925 705 1075 747 multas
1105 706 1223 759 plane
1248 709 1545 760 ignoraremus,
1585 704 1754 747 aliarum
1776 706 1843 749 vel
1870 707 2103 760 obscuram,
2141 709 2208 750 vel
2234 713 2356 752 etiam
2378 723 2403 751 a
2430 713 2600 751 veritate

294 770 545 810 aberrantem
564 771 803 810 haberemus
823 772 1048 809 scientiam.

1072 993 1846 1052 EPIMETRUM.

298 1139 587 1213 Recentiores
612 1175 833 1224 scriptores
859 1175 970 1211 varie
990 1178 1260 1224 exposuerunt
1280 1172 1329 1213 de
1348 1173 1614 1214 Timoleontis
1634 1174 1777 1225 rebus,
1815 1179 1933 1226 prout
1948 1173 2124 1215 Diodoro
2151 1174 2213 1215 illi
2238 1173 2332 1227 plus
2356 1172 2604 1215 tribuendum

297 1240 506 1288 putarunt,
535 1240 604 1273 aut
618 1235 875 1273 Plutarchum
894 1236 1071 1274 maluere
1093 1236 1230 1275 ducem
1249 1239 1388 1288 sequi,
1417 1242 1486 1276 aut
1506 1248 1556 1276 ex
1574 1243 1766 1290 utroque,
1793 1250 1895 1290 quae
1912 1238 2136 1290 probabilia
2155 1237 2233 1277 sibi
2250 1237 2480 1277 viderentur
2494 1249 2602 1288 esse,

296 1304 428 1337 sumta
446 1301 693 1337 miscuerunt
712 1303 834 1350 atque
852 1298 904 1338 ad
925 1299 1287 1339 verisimilitudinis
1311 1300 1444 1354 legem
1468 1300 1664 1353 quandam
1683 1301 1978 1354 disposuerunt.
2032 1301 2093 1342 Ex
2110 1301 2175 1341 his
2191 1313 2310 1341 unum
2326 1314 2429 1341 nunc
2446 1303 2604 1342 nomino

294 1361 368 1402 Fr.
398 1361 506 1401 chr.
537 1361 918 1413 Schlosserum,
959 1366 1026 1416 qui
1056 1367 1096 1402 in
1114 1364 1218 1403 libro
1243 1368 1411 1418 egregio
1428 1363 2037 1405 Universalhistorische
2063 1364 2378 1405 Uebersieht
2405 1364 2495 1404 der
2520 1363 2605 1405 Ge.

296 1426 535 1465 schichte
566 1424 650 1464 der
678 1425 818 1464 alten
845 1425 985 1465 Welt
1011 1426 1112 1466 und
1138 1427 1273 1465 ihrer
1300 1427 1482 1466 Cultur
1507 1427 1562 1478 L,
1588 1428 1627 1468 3.
1656 1440 1750 1480 pag.
1770 1427 1953 1468 27—38
1977 1427 2098 1480 paulo
2117 1427 2250 1467 fusius
2269 1439 2386 1479 quam
2401 1428 2472 1467 alii
2486 1427 2606 1481 pleri·

299 1502 377 1542 que
400 1489 504 1528 hanc
521 1502 655 1536 rerum
673 1488 1018 1541 Syracusanarum
1043 1488 1258 1541 explicavit
1277 1496 1444 1541 partem.
1500 1489 1575 1530 Ille
1598 1494 1661 1530 vir
1686 1493 1781 1542 quia
1805 1495 1957 1530 tantum
1984 1490 2110 1542 pollet
2135 1496 2178 1530 et
2204 1490 2405 1530 doctrinae
2419 1494 2536 1543 copia
2558 1503 2606 1530 ac

300 1553 548 1603 subtilitate,
577 1557 620 1591 et
634 1555 784 1606 ingenii
804 1556 906 1591 miro
922 1556 1114 1603 acumine,
1143 1556 1188 1592 ut
1204 1555 1243 1591 in
1262 1554 1506 1606 principibus
1525 1553 1644 1593 huius
1661 1556 1810 1593 aetatis
1821 1552 2128 1605 jure'habeatur
2143 1553 2375 1605 disciplinae
2391 1553 2607 1593 historicae

298 1616 553 1665 auctoribus,
597 1620 639 1653 et
665 1627 925 1666 quaecunque
949 1615 1111 1665 doceat,
1151 1618 1310 1654 etiamsi
1332 1629 1408 1654 non
1435 1620 1683 1666 consentias,
1725 1621 1858 1656 tamen
1883 1619 1996 1669 prius
2025 1619 2106 1657 sint
2133 1616 2300 1656 multum
2322 1615 2608 1657 consideranda

296 1692 344 1719 ac
364 1678 432 1719 diu
450 1677 749 1731 perpendenda,
789 1690 907 1730 quam
926 1680 1056 1717 minus
1084 1690 1180 1717 vere
1203 1682 1388 1730 exposita
1411 1691 1507 1718 esse
1537 1678 1702 1718 credere
1732 1678 1904 1728 audeas,
1942 1692 2090 1731 operae
2114 1683 2286 1731 pretium
2314 1679 2494 1719 facturus
2513 1691 2613 1718 esse.

295 1743 394 1783 mihi
409 1742 571 1792 videor,
601 1745 638 1781 si
657 1741 778 1794 paulo
798 1745 1027 1783 accuratius
1045 1741 1330 1795 exploravere,
1360 1754 1461 1795 quae
1481 1741 1531 1783 de
1552 1740 1804 1781 Timoleonte
1823 1741 2024 1794 rebusque
2045 1743 2096 1783 ab
2112 1755 2162 1783 eo
2179 1746 2311 1796 gestis
2328 1742 2521 1783 tradenda
2535 1741 2608 1783 ille

298 1812 340 1846 et
357 1819 430 1858 pro
447 1809 557 1844 veris
575 1806 756 1845 habenda
771 1809 949 1856 censuit,
976 1810 1108 1845 utrum
1129 1806 1290 1857 probari
1308 1808 1467 1857 possint
1488 1817 1622 1845 necne.
1677 1804 1784 1845 Nam
1801 1803 2068 1850 Schlosserus
2088 1806 2208 1859 quum
2233 1810 2390 1846 omnino
2407 1810 2608 1847 existimat

297 1870 558 1915 Plutarchum
592 1882 725 1910 rerum
754 1871 915 1909 veritati
943 1882 1218 1920 nonnunquam
1252 1881 1302 1909 eo
1331 1872 1541 1920 nocuisse,
1591 1868 1696 1922 quod
1731 1868 1936 1921 perfectae
1962 1873 2126 1909 virtutis
2161 1869 2361 1910 studuerit
2387 1883 2609 1923 proponere

298 1934 484 1987 exempla
503 1946 552 1973 ac
570 1933 767 1974 factorum
785 1930 1075 1990 incredibilium
1094 1933 1298 1973 miraculis
1319 1933 1625 1986 obstupefacere
1645 1932 1840 1974 interdum
1859 1933 2047 1974 maluerit
2067 1933 2260 1974 lectorum
2287 1938 2462 1983 animos,
2491 1947 2611 1987 quam

299 1999 437 2037 sobria
460 2010 594 2036 rerum
612 2003 822 2051 gestarum
841 1997 1020 2035 imbuere
1043 1988 1230 2047 scientia,
1259 2002 1342 2036 tum
1357 1997 1599 2037 Timoleonti
1618 2008 1773 2050 quoque
1788 1996 1916 2037 multa
1942 2001 2059 2050 putat
2077 1996 2244 2036 eunden
2266 1997 2480 2048 tribuisse,
2507 2009 2610 2050 quae

299 2062 397 2102 ficta
423 2065 558 2113 potius
587 2073 683 2101 esse
711 2060 923 2101 videantur
952 2060 1161 2100 immodico
1186 2059 1372 2100 laudandi
1404 2059 1559 2111 studio,
1603 2073 1720 2113 quam
1748 2063 1978 2112 incorrupto
2006 2060 2153 2119 iudicio
2178 2059 2338 2100 tradita.
2363 2060 2408 2109 ¹³)
2469 2059 2610 2113 ltaque

302 2137 524 2177 quanquam
544 2128 585 2163 in
601 2124 801 2164 nonnullis
820 2123 1038 2164 Plutarcho
1056 2124 1273 2163 arbitratur
1289 2124 1382 2176 plus
1402 2124 1625 2163 habendum
1643 2136 1739 2163 esse
1764 2123 1881 2173 fidei,
1910 2127 1952 2163 in
1970 2123 2065 2163 aliis
2091 2128 2224 2163 tamen
2245 2126 2379 2175 iisque
2404 2128 2448 2162 et
2470 2123 2608 2164 multis

300 2194 342 2228 et
363 2200 440 2227 non
457 2190 617 2241 exiguis
638 2188 758 2227 rebus
782 2187 1004 2228 Diodorum
1029 2190 1174 2227 statuit
1192 2190 1350 2227 veriora
1365 2186 1608 2241 prodidisse.
1662 2185 1775 2228 Unde
1795 2198 1884 2227 eam
1907 2189 1997 2240 ipse
2021 2186 2070 2228 de
2088 2186 2352 2227 Timoleontis
2377 2186 2499 2227 rebus
2520 2200 2609 2228 con-

299 2252 412 2292 flavit
431 2258 552 2305 atque
577 2252 713 2291 effecit
730 2256 1020 2302 narrationem,
1049 2264 1154 2304 quae
1176 2265 1248 2290 nec
1267 2250 1524 2291 Plutarchum
1549 2252 1674 2291 refert
1700 2255 1900 2305 integrum
1917 2257 1990 2291 nec
2006 2251 2246 2301 Diodorum,
2274 2253 2455 2304 ipsisque
2473 2250 2608 2302 rebus,

301 2320 341 2356 ni
357 2328 601 2370 magnopere
620 2310 819 2366 fallimur,
848 2315 1156 2368 discrepantiam
1180 2313 1373 2367 quandam
1398 2314 1551 2355 induxit
1576 2315 1670 2357 fidei
1696 2315 1789 2368 plus
1820 2314 2094 2357 detrahentem
2111 2315 2374 2366 firmamenti,
2404 2327 2521 2368 quam
2543 2314 2609 2356 ad-

304 2380 472 2431 dentem.
529 2378 612 2419 Sed
633 2382 713 2421 iam
730 2379 932 2420 videamus
953 2379 1003 2420 de
1025 2378 1211 2434 singulis.

410 2442 582 2490 Caedem
602 2442 865 2494 Timophanis
883 2446 1027 2496 viginti
1048 2445 1165 2489 annis
1184 2447 1276 2481 ante
1298 2455 1415 2495 quam
1430 2441 1674 2495 Syracusani
1695 2441 1990 2482 Corinthiorum
2006 2441 2268 2494 implorarunt
2285 2440 2495 2493 auxilinm,
2521 2453 2609 2496 per·

302 2510 501 2559 petratam
516 2519 633 2558 esse,
660 2505 878 2547 Plutarcho
902 2505 1030 2547 credit
1043 2504 1331 2557 Schlosserus3
1360 2506 1540 2559 reliqua,
1564 2517 1668 2558 quae
1690 2504 1739 2546 de
1758 2505 1937 2546 facinore
1954 2506 2027 2550 illo
2046 2511 2088 2547 et
2105 2505 2316 2546 Cornelius
2335 2504 2475 2558 Nepos
2490 2504 2608 2545 tradi-

302 2568 362 2611 dit
379 2575 425 2610 et
445 2573 647 2623 copiosius
665 2569 933 2620 Plutarchus,
962 2581 1013 2610 ea
1027 2574 1160 2617 mente
1179 2573 1317 2610 censet
1338 2569 1509 2611 conficta
1531 2581 1651 2620 esse,
1679 2573 1724 2609 ut
1743 2568 1852 2609 ultra
1872 2569 2037 2610 solitum
2057 2568 2253 2613 humanae
2270 2570 2432 2608 virtutis
2452 2567 2608 2612 modum

303 2634 545 2682 eveheretur,
560 2633 789 2684 Timoleon,
818 2633 894 2673 sed
915 2637 974 2672 ita
990 2633 1105 2683 ficta,
1134 2638 1202 2683 ut,
1230 2636 1267 2671 si
1295 2636 1470 2686 penitius
1498 2635 1784 2684 inspiciantur,
1822 2631 2001 2686 officiant
2024 2635 2183 2685 potius,
2212 2642 2330 2685 quam
2356 2633 2512 2686 prosint
2533 2634 2609 2673 viri
2652 2642 2655 2645 ’
2730 2653 2738 2659 ·

304 2696 491 2746 laudibus
517 2695 713 2745 celebrati
743 2701 1047 2748 existimationi,
1082 2703 1204 2751 atque
1240 2700 1360 2737 etiam
1386 2695 1601 2741 ridicuhm
1622 2695 1832 2736 exhibeant
1858 2696 2078 2746 hominem,
2115 2698 2183 2748 qui
2208 2699 2420 2748 postquam
2443 2695 2608 2736 tratrem

301 2760 618 2802 obtruncandum
641 2761 853 2801 comitibus
871 2765 1144 2815 permisisset,
1174 2765 1265 2814 ipse
1284 2760 1423 2803 oculos
1442 2758 1664 2813 chlamydis
1679 2759 1824 2801 lacinia
1834 2755 1984 2814 'tegens
2001 2759 2204 2800 adstiterit
2222 2758 2407 2802 lacrimas
2427 2759 2608 2801 fundens.

306 2846 355 2856 --
385 2825 430 2864 ln
451 2826 515 2864 his
536 2824 780 2867 Schlossero
795 2837 858 2863 me
875 2826 983 2864 nullo
1002 2825 1118 2865 modo
1136 2838 1262 2878 posse
1274 2826 1501 2865 consentire
1520 2825 1689 2876 ingenue
1705 2824 1851 2865 fateor.
1905 2822 2101 2877 Fingeudi
2121 2826 2226 2865 euim
2244 2822 2418 2866 studium
2436 2835 2484 2862 ac
2502 2820 2609 2862 falsa

345 2964 384 3002 ⁸¹)
406 2960 544 2996 Praeter
567 2970 650 2996 eum
668 2961 804 3005 locum,
827 2972 935 3006 quem
955 2971 1060 3005 supra
1079 2956 1314 3005 laudavimus,
1338 2961 1386 2996 cf.
1408 2960 1564 2996 eiusdem
1583 2960 1663 2995 libri
1684 2962 1746 3003 ΙΙΙ,
1769 2965 1802 2994 2.
1823 2971 1903 3003 pag.
1926 2964 2127 2995 188—191-
