2888 3512
1274 276 1536 318 -11..-

256 403 483 448 venditandi
503 408 561 446 ita
577 404 728 446 nullum
745 406 931 446 existimo
948 402 1077 444 fuisse
1094 407 1135 444 in
1148 402 1386 457 Plutarcho,
1414 408 1482 457 ut,
1510 407 1698 461 quantum
1716 407 1756 444 in
1777 407 1866 458 ipso
1886 410 2012 456 esset,
2038 409 2252 448 verissima
2266 413 2447 461 quaeque
2462 421 2551 452 enm

257 474 301 510 et
317 469 511 524 colligere
528 475 571 510 et
593 469 812 509 lectoribus
827 467 988 508 tradere
1010 468 1190 509 voluisse
1208 481 1281 521 pro
1306 472 1532 509 certissimo
1554 469 1733 509 habeam.
1790 468 1907 509 Quod
1925 472 2047 509 sicui
2062 470 2218 511 dubium
2236 477 2325 523 est,
2354 473 2468 526 legat
2483 474 2553 514 ille

258 533 388 574 locum
403 537 610 588 egregium
633 537 673 573 in
692 532 868 573 Cimonis
882 535 966 572 vita
983 545 1068 585 cap.
1084 530 1132 582 2,
1161 541 1238 585 quo
1256 525 1463 584 praeclare
1487 533 1603 574 docet
1626 536 1816 585 scriptor,
1845 533 1986 585 quales
2002 536 2091 586 ipse
2108 535 2185 574 sibi
2200 540 2409 588 scripserit
2421 536 2472 578 de
2489 550 2554 578 ex-

259 597 487 638 cellentium
505 601 679 637 virorum
695 600 737 634 et
765 596 979 636 virtutibus
1005 594 1215 635 laudandis
1242 600 1284 636 et
1307 600 1417 636 vitiis
1444 611 1520 637 non
1542 596 1841 637 dissimulandis
1866 597 2001 651 leges.
2052 596 2131 637 (lui
2152 597 2265 638 locus
2282 605 2433 641 tantum
2455 601 2555 642 facit

257 666 456 702 momenti*
466 660 517 701 ad
537 663 648 699 reete
665 658 914 700 iudicandum
931 660 980 700 de
997 656 1201 699 Plutarchi
1223 659 1466 701 humanitate
1483 663 1745 713 veritatisque
1762 674 1917 712 amore,
1946 666 1991 701 ut
2009 665 2044 701 si
2067 674 2141 715 per
2162 666 2281 715 spatii
2304 663 2396 704 huic
2420 665 2553 719 dispu-

258 725 499 766 tatiunculae
516 722 698 764 concessi
718 721 859 764 liceret
878 727 1113 777 angustias,
1141 727 1268 764 totum
1291 724 1368 765 huc
1390 726 1733 766 transscriberem.
1787 724 1882 764 Istis
1900 731 2053 778 autem,
2083 738 2186 779 quae
2205 727 2232 766 l.
2247 726 2274 766 l.
2292 727 2551 781 explicantur,

258 792 468 829 sententiis
497 790 562 840 qui
592 791 632 827 in
661 791 756 827 vitis
783 788 1080 840 praeclarorum
1104 788 1303 828 hominum
1331 790 1562 830 enarrandis
1581 802 1629 829 se
1646 789 1734 829 duci
1751 790 1959 841 professus
1978 795 2066 842 est,
2094 804 2186 830 eum
2209 794 2299 843 quis
2324 792 2461 833 credat
2485 807 2553 833 un-

260 866 376 905 quam
393 851 576 893 consulto
600 865 626 892 a
640 851 826 891 narrandi
845 851 924 891 fide
945 851 1160 892 deflexisse
1176 865 1224 892 ac
1245 852 1350 892 fictis
1366 854 1651 905 posthabuisse
1672 854 1800 893 vera?

364 916 418 957 At
437 918 570 968 possit
595 914 740 967 aliquis
769 918 810 954 in
828 927 915 954 eam
935 915 1065 955 induci
1086 919 1373 969 suspicionem,
1400 921 1446 956 ut
1459 921 1595 970 putet,
1636 916 1818 956 consulto
1838 915 1993 968 quidem
2012 915 2118 955 falsa
2135 920 2175 956 in
2191 930 2324 958 rerum
2343 918 2553 961 historiam

260 994 335 1021 non
351 979 536 1020 intulisse
552 978 828 1030 Plutarchum,
855 979 928 1019 sed
948 984 1078 1019 animo
1095 979 1224 1019 fuisse
1235 980 1510 1032 ,exemplorum
1532 980 1791 1021 laudabilium
1820 984 1877 1019 ita
1896 985 2074 1030 amante,
2113 986 2157 1019 ut
2183 982 2368 1022 insolitae
2390 986 2553 1023 virtutis

260 1045 326 1084 nbi
341 1047 628 1095 proponeretur
645 1046 826 1094 species,
854 1046 996 1083 mirum
1014 1047 1054 1083 in
1083 1043 1241 1084 modum
1263 1043 1486 1084 delectatus
1508 1049 1550 1083 et
1572 1047 1661 1096 ipse
1688 1043 1808 1083 facile
1832 1043 2033 1094 crederet,
2063 1056 2164 1095 quae
2188 1048 2369 1085 veritatis
2393 1047 2553 1088 modum

260 1106 515 1156 excederent,
553 1110 596 1145 et
623 1105 840 1146 lectoribus
866 1106 1082 1146 utilissima
1109 1112 1254 1159 putans
1289 1107 1377 1147 fore
1404 1108 1455 1147 ad
1481 1111 1641 1147 virtutis
1677 1107 1850 1147 studium
1877 1106 2124 1146 excitandum
2149 1110 2279 1146 minus
2306 1110 2554 1150 considerate

259 1172 420 1221 scriptis
445 1169 661 1209 mandaret.
716 1169 778 1210 Ita
805 1170 893 1210 fieri
913 1174 1116 1223 potuisse,
1156 1175 1201 1210 ut
1226 1184 1345 1223 quum
1369 1171 1418 1211 de
1434 1170 1692 1224 Timophanis
1717 1170 1839 1210 caede
1868 1171 1972 1210 alios
1989 1170 2143 1210 videret
2171 1171 2330 1212 tradere
2356 1184 2425 1224 ea,
2453 1187 2554 1226 quae

260 1247 362 1273 nunc
381 1232 486 1285 apud
513 1232 731 1273 Diodorum
757 1233 964 1288 leguntur,
999 1234 1104 1274 alios
1130 1234 1180 1274 ab
1200 1235 1283 1274 illis
1310 1235 1598 1288 discrepantia,
1635 1236 1734 1275 haec
1750 1235 1820 1274 ille
1844 1238 1958 1287 sequi
1986 1240 2199 1287 propterea
2227 1236 2434 1287 maluerit,
2464 1242 2556 1289 quia

260 1295 338 1336 etsi
354 1300 484 1337 minus
505 1302 646 1337 essent
663 1310 779 1350 vera,
808 1303 939 1339 tamen
956 1299 1048 1351 plus
1072 1298 1264 1339 haberent
1283 1298 1556 1338 admirationis
1578 1299 1945 1351 Timoleontemque
1970 1298 2224 1338 ostenderent
2235 1306 2322 1339 *non
2340 1300 2470 1340 solum
2488 1314 2556 1353 pa-

260 1364 361 1401 triae
378 1364 435 1402 ita
451 1367 670 1413 amantem,
697 1368 742 1403 ut
761 1375 785 1402 a
801 1362 926 1402 fratre
947 1363 1147 1403 libertatis
1167 1375 1386 1415 oppressae
1405 1375 1571 1415 poenam
1592 1367 1788 1413 sumeret,
1818 1362 1890 1402 sed
1910 1366 2029 1402 etiam
2046 1366 2087 1402 in
2104 1362 2280 1403 facinore
2298 1368 2553 1404 atrocissimo

260 1424 499 1478 perficiendo
522 1429 685 1478 pietatis
701 1426 820 1465 simul
840 1439 940 1479 erga
959 1426 1124 1465 fratrem
1143 1431 1276 1465 tamen
1295 1429 1542 1467 retinentem.
1599 1426 1713 1466 Quae
1732 1430 1810 1466 etsi
1828 1427 1946 1477 paulo
1967 1430 2145 1476 aequior,
2174 1439 2291 1477 quam
2308 1427 2552 1479 Schlosseri,

260 1489 416 1529 videtur
445 1501 540 1528 esse
564 1492 718 1541 opinio,
747 1494 878 1528 tamen
903 1481 967 1529 me
994 1502 1071 1528 non
1095 1493 1251 1539 movet,
1279 1493 1347 1538 ut,
1378 1501 1479 1541 quae
1505 1489 1744 1528 Plutarchus
1770 1489 1953 1540 tradidit,
1982 1488 2089 1528 falsa
2114 1494 2250 1541 putem
2273 1502 2388 1541 esse,
2415 1494 2493 1531 nisi
2515 1496 2556 1531 in

261 1567 307 1593 se
325 1557 414 1605 ipsa
431 1553 598 1603 habent,
628 1553 731 1605 quod
750 1553 867 1592 fidem
884 1556 1088 1591 imminuat
1106 1557 1225 1604 atque
1243 1563 1268 1591 a
1287 1555 1369 1591 veri
1391 1551 1649 1591 similitudine
1669 1552 1893 1591 abhorreat.
1948 1552 2003 1591 At
2019 1553 2101 1591 tale
2118 1553 2216 1592 nihil
2235 1556 2342 1592 inest
2365 1557 2406 1592 in
2424 1567 2557 1593 narra-

259 1621 367 1656 tione
382 1616 584 1655 Plutarchi
597 1646 609 1666 ,
637 1628 765 1667 neque
785 1620 1012 1668 quisquam,
1051 1615 1099 1655 de
1118 1614 1239 1654 caede
1255 1614 1512 1666 Timophanis
1533 1628 1787 1667 quaecunque
1813 1616 1885 1655 ille
1905 1619 2119 1655 memoriae
2144 1615 2339 1667 prodidit,
2367 1629 2418 1656 ea
2438 1630 2557 1669 nega·

260 1680 319 1720 bit
334 1683 568 1733 potuisse
595 1682 653 1718 ita
668 1679 777 1730 fieri,
806 1682 864 1719 uti
885 1677 993 1719 sacta
1010 1692 1035 1719 a
1057 1682 1254 1731 scriptore
1278 1678 1515 1718 referuntur.
1572 1677 1678 1718 Quid
1696 1683 1762 1718 est
1780 1682 1925 1732 igitur,
1955 1679 2059 1731 quod
2085 1678 2125 1719 id
2144 1693 2262 1719 unum
2280 1683 2396 1720 anxie
2419 1693 2556 1719 veren-

261 1749 350 1794 tes,
389 1756 439 1782 ne
466 1747 586 1782 nimio
611 1743 754 1782 decore
782 1748 971 1781 ementur
999 1754 1066 1782 res
1091 1742 1290 1796 singulari
1313 1754 1361 1780 ac
1379 1754 1505 1794 paene
1532 1742 1709 1780 inaudito
1739 1746 1944 1781 conamine
1967 1747 2131 1796 gestae,
2170 1754 2220 1781 ea
2245 1743 2414 1782 velimus
2436 1743 2555 1784 dubia

263 1813 304 1848 et
326 1811 516 1860 suspecta
535 1818 654 1856 esse,
704 1819 805 1858 quae
831 1819 904 1858 per
929 1818 976 1845 se
1002 1809 1093 1858 ipsa
1119 1810 1301 1857 spectata
1329 1804 1586 1844 dubitationis
1612 1805 1677 1844 vel
1705 1809 1945 1856 suspicionis
1968 1805 2116 1844 nullam
2140 1805 2332 1856 praebent
2358 1808 2554 1847 causam?

263 1871 403 1912 Nonne
421 1871 496 1912 hac
515 1873 668 1910 ratione
686 1872 722 1909 si
737 1863 912 1920 utamur,
940 1869 1157 1922 periculum
1173 1873 1259 1920 est,
1287 1880 1337 1908 ne
1356 1868 1558 1922 fugientes
1580 1872 1722 1919 nimias
1749 1868 1888 1909 laudes
1907 1873 2026 1921 atque
2043 1874 2277 1909 aversantes
2298 1882 2555 1924 quaecunque

264 1936 433 1975 validius
461 1939 625 1988 tangant
647 1934 846 1974 hominum
870 1937 1023 1973 animos
1037 1963 1050 1985 ,
1089 1937 1127 1972 in
1150 1933 1349 1973 diversum
1376 1932 1597 1972 incidamus
1621 1936 1780 1983 vitium,
1817 1937 1863 1972 ut
1890 1933 2023 1972 debita
2047 1933 2178 1986 gloria
2202 1933 2422 1985 spoliemus
2448 1934 2557 1975 facta

262 2003 510 2051 praestantia
525 2004 643 2050 atque
658 2011 708 2037 ea
722 2011 772 2037 ex
790 2011 922 2038 rerum
938 2001 1128 2037 memoria
1146 1996 1350 2036 deleamus
1367 2001 1562 2036 rariorum
1581 2001 1771 2037 virtutum
1792 1997 2043 2046 documenta,
2072 1997 2215 2048 quibus
2237 2001 2406 2036 maxime
2422 2004 2557 2049 poste-

264 2074 397 2102 rorum
415 2064 534 2101 animi
552 2066 593 2101 et
612 2061 818 2115 dignitatis
838 2073 932 2102 vere
952 2062 1145 2101 humanae
1165 2060 1404 2114 impleantur
1421 2064 1646 2100 reverentia
1666 2065 1708 2100 et
1727 2060 1777 2116 ad
1793 2060 2077 2099 honestissima
2093 2072 2270 2112 quaeque
2290 2066 2331 2100 et
2349 2062 2559 2102 sentienda

266 2131 308 2164 et
329 2126 484 2179 agenda
507 2126 751 2165 incitentur?
787 2125 904 2165 Quod
931 2138 1026 2165 vero
1051 2124 1312 2165 Schlosserus
1336 2136 1407 2175 ea,
1446 2136 1548 2177 quae
1570 2124 1811 2164 Plutarchus
1840 2129 1881 2163 et
1910 2124 2025 2174 Corn.
2057 2120 2195 2176 Nepos
2224 2123 2272 2165 de
2298 2123 2558 2177 Timophanis

267 2189 388 2226 caede
405 2189 703 2240 praedicarunt,
733 2189 996 2228 Timoleontis
1016 2188 1147 2228 famae
1162 2189 1253 2241 plus
1277 2188 1439 2227 officere
1458 2188 1573 2238 dicit,
1603 2200 1719 2239 quam
1736 2188 1951 2240 prodesse,
1979 2187 2021 2227 id
2038 2199 2225 2240 quorsum
2246 2191 2465 2239 pertineat,
2493 2200 2559 2229 me

268 2251 398 2291 fateor
413 2264 489 2291 non
503 2248 742 2306 intelligere.
798 2252 1004 2293 Timoleon
1021 2256 1149 2304 enim,
1179 2256 1287 2303 sive,
1314 2252 1355 2292 id
1374 2252 1478 2305 quod
1490 2249 1694 2291 Diodorus
1720 2256 1935 2291 memoriae
1954 2251 2150 2304 prodidit,
2179 2255 2218 2291 in
2243 2251 2329 2290 foro
2353 2255 2441 2303 ipse
2471 2265 2560 2304 per-

267 2318 396 2354 cussit
411 2315 712 2368 Timophanem,
740 2320 840 2368 sive,
867 2321 927 2357 uti
942 2317 1179 2364 Plutarchus
1195 2316 1389 2368 perhibet,
1417 2319 1457 2355 in
1478 2319 1607 2368 ipsius
1626 2315 1742 2355 domo
1764 2314 1975 2355 comitibus
1992 2319 2077 2355 suis
2090 2318 2272 2367 permisit
2287 2314 2559 2367 occidendum,

269 2379 407 2419 fratris
439 2377 600 2418 eaedem
626 2384 833 2433 utriusque
860 2385 1070 2433 scriptoris
1098 2393 1294 2421 consensu
1324 2384 1506 2433 arguitur
1534 2380 1734 2419 effecisse.
1812 2379 1898 2419 Hoc
1919 2382 2021 2418 'vero
2057 2378 2263 2429 intercedit
2302 2377 2559 2431 discrkninis,

270 2442 394 2495 quod,
429 2441 605 2481 Diodoro
632 2447 670 2481 si
696 2445 916 2494 credimus,
953 2449 1136 2484 saeviore
1164 2448 1250 2482 erat
1276 2444 1346 2482 ille
1374 2447 1533 2496 ingenio
1560 2449 1681 2495 atque
1709 2447 1770 2482 ira
1789 2444 2042 2482 humanitatis
2070 2453 2192 2480 sensu
2217 2454 2295 2480 non
2322 2446 2558 2494 temperata,

268 2504 522 2545 Plutarchum
540 2508 576 2544 si
592 2511 793 2548 auctorem
811 2511 1034 2560 sequimur,
1063 2510 1231 2548 animum
1256 2506 1428 2547 habebat
1451 2510 1493 2547 in
1512 2506 1825 2560 flagrantissimo
1850 2508 2003 2558 patriae
2021 2504 2301 2556 libertatisque
2329 2504 2463 2546 studio
2481 2509 2560 2558 pie-

270 2572 367 2609 tatis
388 2580 488 2621 erga
510 2567 678 2607 fratrem·
695 2581 770 2610 non
789 2571 966 2611 oblitum.
1030 2570 1172 2624 Neque
1199 2574 1299 2610 satis
1327 2573 1487 2623 integra
1508 2570 1713 2610 Plutarchi
1743 2570 1847 2610 dicta
1875 2568 2043 2608 reddidit
2058 2566 2347 2620 Schlosserus,
2389 2573 2448 2609 sic
2470 2575 2560 2608 eum

271 2633 495 2684 toquentem
504 2630 678 2671 faciens:
708 2633 792 2683 „Er
803 2636 1072 2675 missbraucht
1092 2636 1164 2674 das
1172 2634 1405 2683 Vertrauen,
1433 2633 1612 2672 welches
1630 2634 1701 2673 der
1713 2634 1889 2681 Bruder,
1918 2632 1989 2670 der
2007 2635 2046 2669 in
2062 2634 2175 2669 einer
2186 2630 2418 2684 Oligarchie
2437 2632 2561 2671 durch

272 2698 364 2735 'eine
379 2694 618 2735 Leibwache
636 2705 710 2735 zur
728 2696 1021 2739 herrschenden
1044 2697 1198 2738 Person
1214 2696 1346 2748 ward,
1385 2699 1425 2736 in
1448 2698 1561 2736 seine
1589 2696 1717 2736 nahen
1734 2694 2053 2737 Anverwandten
2072 2694 2155 2735 und
2181 2698 2221 2735 in
2241 2694 2313 2735 den
2334 2693 2462 2733 Seher
2490 2694 2563 2736 der

273 2758 452 2799 Gottlieit
469 2763 599 2810 setzt,
627 2766 693 2799 um
712 2762 752 2799 in
769 2760 841 2801 das
857 2762 1039 2803 lnnerste
1054 2766 1187 2802 seiner
1204 2761 1375 2801 Zimmer
1391 2760 1686 2814 einzudringen.
1741 2758 1818 2809 Er,
1847 2758 1917 2799 der
1935 2757 2092 2799 Bruder
2109 2772 2186 2799 von
2204 2756 2470 2809 Timophanes
2486 2757 2563 2799 Ge-

273 2822 441 2872 mahlin,
469 2823 548 2862 und
565 2824 635 2863 der
652 2823 967 2867 Zeichendeuter
980 2827 1140 2866 werden
1155 2826 1408 2879 eingelassen
1426 2826 1533 2863 etc.“
1587 2824 1629 2862 ln
1647 2824 1711 2861 his
1728 2836 1984 2874 quaecunque
2001 2823 2185 2863 invidiam
2202 2821 2377 2861 conflare
2392 2829 2565 2873 possunt

275 2884 533 2937 Timoleonti,
562 2887 612 2926 ab
632 2886 870 2929 Schlossero
890 2895 982 2931 sunt
1005 2890 1200 2931 invidiose
1220 2889 1344 2940 dicta,
1382 2901 1457 2927 non
1481 2887 1667 2940 leguntur
1691 2885 1793 2938 apud
1813 2885 2078 2926 Plutarchum.
2132 2883 2185 2925 Et
2203 2887 2296 2937 quis
2314 2884 2469 2936 credat,
2498 2886 2564 2926 vel

276 2948 514 2989 Timoleonti
538 2962 613 2988 non
633 2954 815 3002 patuisse
840 2951 891 2992 ad
917 2953 1080 2994 fratrem
1100 2954 1272 3004 aditum,
1311 2955 1375 3005 qui
1394 2950 1565 3004 patuerit
1592 2949 1685 2988 aliis
1706 2949 1952 3000 hominibus,
1986 2951 2222 3002 cognatione
2246 2961 2325 2989 non
2347 2953 2479 3003 magis
2502 2950 2564 2990 illi

276 3015 518 3062 coniunctis,
545 3013 632 3063 vel,
672 3018 708 3054 si
730 3015 1019 3059 Timoleontem
1040 3017 1251 3058 arcendum
1270 3029 1363 3063 esse
1381 3017 1591 3055 statuisset
1609 3013 1896 3065 Timophanes,
1938 3012 2088 3054 aditum
2107 3012 2171 3052 illi
2196 3012 2351 3053 duobus
2372 3018 2565 3054 assumtis

1387 3089 1395 3095 ,
2256 3077 2309 3116 2*
