2888 3512
0 529 91 570 t}

1329 196 1563 271 έ-’5-

294 328 480 387 nucleos,
496 348 594 376 sane
623 335 937 389 adversarentur
962 336 1108 373 rationi
1138 346 1262 386 supra
1285 346 1322 374 a
1333 334 1450 374 nobis
1478 335 1721 387 propositae.
1776 329 1880 370 Nam
1911 330 2014 371 diem
2044 333 2143 372 obiit
2163 330 2374 372 Timoleon
2404 332 2591 373 archonte

292 398 518 454 Phrynicho
537 399 639 454 (³3²
650 412 676 440 a
691 382 783 440 chr.
802 412 840 438 ιι.
842 401 877 450 ),
907 399 987 450 qni
992 408 1119 437 nonus
1142 396 1306 437 archon
1315 400 1381 438 est
1406 397 1458 438 ab
1472 396 1642 437 Eubulo.
1697 393 1837 448 ltaque
1858 406 1935 434 non
1958 398 2139 449 integros
2155 400 2245 435 octo
2265 407 2393 436 annos
2420 398 2456 436 si
2482 394 2593 449 degit

293 462 500 503 Timoleon
516 467 555 503 in
573 464 736 513 Sicilia,
762 466 895 502 minus
918 466 1031 500 reete
1049 474 1123 500 nos
1147 464 1383 512 statuimus,
1412 474 1462 501 ea
1484 461 1596 501 illum
1614 463 1795 509 aestate,
1825 471 1904 511 qua
1917 458 2098 499 Eubulus
2120 463 2398 512 magistratum
2414 464 2524 510 iniit,
2550 463 2592 499 in

294 524 472 567 siciliam
495 530 669 567 venisse.
714 518 862 564 Quane
884 527 1018 565 verior
1039 527 1174 576 possit
1196 524 1323 564 videri
1350 524 1545 564 cnutonis
1573 525 1835 574 computatio,
1865 525 1951 574 qui,
1991 535 2109 574 quum
2134 521 2280 561 Eubuli
2301 523 2504 563 archontis
2527 534 2592 562 ex·

293 594 422 630 treuw
445 590 599 630 demum
617 598 756 627 mense
769 591 885 640 putet
906 586 958 627 ad
975 586 1154 627 Siciliam
1178 588 1384 640 appulisse
1399 588 1690 629 Timoleontem
1703 614 1716 636 ,
1754 586 1805 625 ab
1827 597 1876 625 eo
1896 585 1987 625 inde
2008 591 2189 638 tempore
2209 598 2337 637 usque
2359 586 2409 626 ad
2424 587 2591 640 Phryni-

293 654 410 694 chnm
430 654 658 694 archontem
678 662 756 690 non
773 654 954 704 integros
971 656 1152 691 numerat
1168 656 1259 691 octo
1285 665 1421 692 annos.
1474 651 1531 692 At
1545 655 1657 692 recte
1680 652 1717 690 si
1741 648 1987 690 intellexeris
2004 649 2209 690 Plutarchi
2223 649 2365 701 verba,
2393 664 2470 691 non
2486 649 2591 690 Clin-

292 720 375 757 toni
384 724 456 767 ea,
486 713 563 755 sed
572 713 689 755 nobis
713 712 851 754 favere
876 713 966 754 luce
993 713 1142 754 clarius
1160 715 1379 767 apparebit.
1434 714 1526 756 Non
1548 717 1653 756 enim
1680 715 1853 764 scriptor
1875 717 2016 754 octavo
2036 718 2131 766 post
2154 712 2367 754 adventum
2389 725 2491 754 anno
2506 715 2592 753 vita

292 778 521 820 decessisse
536 778 825 817 Timoleontem
847 777 965 827 dixit,
994 777 1067 817 sed
1082 791 1159 817 non
1182 781 1352 832 integris
1376 784 1472 819 octo
1485 782 1599 819 annis
1624 789 1693 817 res
1709 776 1867 819 Siculas
1885 782 2159 829 composuisse
2181 791 2229 818 ac
2256 777 2481 817 libertatem
2495 779 2590 817 civi-

291 843 442 883 tatibus
460 842 626 882 Graecis
649 843 903 890 restituisse,
933 853 1010 892 quo
1028 840 1136 881 facto
1160 845 1254 894 qnia
1277 856 1353 882 non
1378 846 1516 882 statim
1540 845 1722 882 mortuus
1746 845 1833 890 est,
1861 839 1936 880 sed
1960 841 2200 892 aliquamdiu
2223 845 2368 894 postea
2391 843 2511 891 vixit,
2538 839 2588 880 ab

291 905 462 947 adventu
485 907 576 944 eius
601 915 728 957 usque
753 902 804 943 ad
817 907 993 972 οιιιοιΐιὲιιι
1020 904 1180 956 plenum
1206 909 1297 946 octo
1317 918 1508 946 annorum
1531 907 1726 959 spatium,
1753 903 1820 943 vel
1845 906 1965 943 etiam
1988 904 2108 957 paulo
2130 904 2291 958 longius
2312 906 2590 944 intercesserit

291 979 458 1010 necesse
471 972 558 1020 est,
588 971 651 1007 cui
674 979 808 1007 rerum
817 952 1064 1008 ‘necessitati
1089 973 1229 1008 nostra
1253 972 1437 1023 congruit
1464 974 1685 1023 temporum
1709 971 1974 1020 computatio,
2009 980 2086 1007 non
2110 968 2317 1008 clintonis.
2369 967 2589 1019 Eidemque

290 1039 433 1077 rationi
451 1036 569 1088 plane
587 1038 785 1075 consentit
801 1034 1027 1087 Diodorus,
1055 1039 1169 1076 cuius
1192 1038 1292 1078 haec
1313 1043 1410 1077 sunt
1435 1036 1561 1087 (XVI,
1577 1036 1675 1086 mi)-
1703 1032 1854 1082 Κατσὲ
1875 1028 1921 1083 δὲ
1945 1053 2029 1093 την
2054 1032 2285 1083 Σικελίαν
2308 1028 2590 1092 Τιμολέων’
2566 1052 2587 1079 ο

289 1096 553 1176 Κορίνθιος,
600 1094 800 1145 ἅπαντα
842 1098 934 1144 τοῖς
969 1097 1283 1159 Συρακουςίοις
1318 1096 1401 1147 καῖ
1430 1100 1523 1146 τοῖς
1552 1095 1865 1148 Σικελιώταις
1898 1097 2255 1162 κατωρθωκως,
2303 1093 2579 1155 ἐτελεύτησε

289 1159 605 1225 ςτρατηγήσας
625 1161 706 1220 ε”τη
727 1156 868 1210 δια-ω’.
894 1166 936 1209 ’··)

392 1329 455 1371 De
471 1333 631 1371 civitate
649 1329 991 1383 Syracusanorum
1009 1328 1288 1387 constituenda
1303 1332 1497 1382 novisque
1521 1328 1674 1370 colonis
1697 1330 1880 1384 augenda
1904 1344 2005 1384 quae
2022 1334 2188 1385 egregie
2202 1332 2347 1371 meruit
2362 1327 2584 1379 Timoleon,

288 1406 425 1435 eorum
441 1393 610 1447 plurima
624 1393 786 1433 brevius
802 1396 989 1432 tractavit
1002 1392 1204 1441 Diodorus
1221 1390 1346 1439 (XVI.
1363 1390 1428 1431 7⁰.
1445 1392 1549 1442 82),
1577 1396 1781 1444 copiosius
1798 1398 1984 1450 exposuit
1998 1394 2240 1434 Plutarchus
2257 1396 2313 1441 (c.
2329 1393 2397 1433 22.
2413 1391 2478 1432 23.
2495 1391 2584 1440 24.)

287 1457 502 1510 multisque
524 1457 694 1508 adjectis
719 1456 840 1495 rebus
867 1459 1088 1495 memoratu
1111 1455 1385 1508 dignissimis,
1413 1457 1454 1493 in
1472 1455 1615 1506 quibus
1630 1460 1763 1495 tamen
1784 1470 1902 1497 unum
1925 1470 2047 1511 aegre
2072 1457 2347 1507 desideratur,
2376 1455 2482 1508 quod
2492 1454 2587 1494 Dio-

288 1520 409 1562 dorus
433 1519 597 1560 tradidit
617 1519 667 1559 de
691 1531 845 1558 summo
872 1522 1134 1572 magistratu,
1165 1529 1280 1570 quem
1293 1515 1574 1570 Amphipolum
1588 1517 1707 1559 Jovis
1725 1519 1901 1573 Olympii
1924 1525 2166 1561 nominatum
2189 1519 2295 1574 apud
2311 1519 2589 1573 Syracusanos

286 1587 459 1623 instituit
483 1583 735 1622 Timoleon&
729 1582 788 1630 ⁶³²)
842 1581 1070 1621 Dissentire
1094 1587 1226 1621 autem
1248 1585 1351 1620 inter
1378 1593 1424 1620 se
1444 1581 1627 1620 videntur
1640 1581 1842 1622 Diodorus
1865 1590 1907 1623 et
1930 1584 2169 1624 Plutarchus
2195 1584 2243 1623 de
2266 1589 2469 1635 tempore,
2512 1594 2588 1632 quo

285 1648 385 1687 haec
400 1661 426 1687 a
439 1647 689 1687 Timoleonte
706 1650 788 1686 sint
804 1646 1091 1686 administrata.
1127 1645 1382 1685 Plutarchum
1400 1649 1502 1685 enim
1519 1649 1554 1684 si
1572 1650 1787 1698 sequimur,
1816 1648 1979 1687 colonos
1996 1648 2199 1688 Graecos
2187 1662 2227 1687 ιιι
2246 1648 2424 1688 Siciliam
2439 1649 2589 1685 missos

286 1723 448 1763 remque
463 1710 661 1763 publicam
677 1709 1017 1762 Syracusanorum
1044 1722 1069 1748 a
1085 1708 1333 1748 Timoleonte
1357 1708 1575 1748 ordinatam
1598 1720 1693 1748 esse
1722 1710 1936 1762 putandum
1961 1716 2025 1750 est
2052 1724 2100 1750 eo
2123 1716 2324 1762 tempore,
2363 1707 2469 1762 quod
2483 1711 2589 1747 inter

285 1778 500 1825 occupatas
514 1786 539 1812 a
554 1774 771 1813 Corinthiis
788 1772 1011 1825 Syracusas
1028 1777 1069 1810 et
1092 1772 1260 1810 alteram
1274 1771 1495 1810 Poenorum
1511 1772 1800 1823 expeditionem
1810 1801 1822 1822 ,
1852 1787 1953 1825 quae
1976 1775 2131 1825 proelio
2147 1774 2199 1812 ad
2213 1774 2461 1812 Crimessum
2475 1771 2589 1809 finita

285 1842 374 1888 est,
397 1836 585 1877 -medium
607 1835 901 1886 intercedebat3
940 1840 1077 1874 contra
1102 1833 1305 1874 Diodorus
1327 1837 1456 1887 primo
1479 1834 1663 1886 perhibet
1688 1848 1812 1875 novas
1828 1835 2117 1877 Timoleontem
2131 1868 2143 1888 ,
2184 1837 2354 1878 simulac
2376 1840 2464 1876 tota
2488 1833 2586 1874 urbe

284 1904 437 1954 potitus
451 1905 564 1940 esset
574 1930 586 1951 ,
616 1899 881 1952 Syracusanis
907 1898 1067 1938 dedisse
1082 1898 1197 1952 leges
1215 1897 1340 1950 (XVI,
1356 1898 1453 1950 ⁹7⁰);
1482 1897 1623 1937 deinde
1638 1910 1781 1937 rursus
1806 1899 1972 1939 eundem
1991 1904 2226 1940 immutasse
2241 1902 2375 1954 legum
2391 1901 2585 1939 rationem

284 1970 378 2016 post
392 1964 561 2003 alterum
588 1963 687 2002 illud
710 1962 934 2002 Poenorum
959 1961 1130 2013 bellum3
1159 1966 1278 2014 atque
1309 1961 1449 2001 eodem
1475 1961 1630 2000 demum
1659 1966 1839 2014 tempore
1871 1962 2035 2002 colonos
2065 1977 2091 2003 a
2117 1964 2333 2003 Corinthiis
2359 1963 2584 2015 Syracusas

284 2040 380 2069 esse
403 2026 595 2068 deductos
621 2024 748 2077 (XVI,
774 2024 861 2077 82),
890 2028 931 2065 in
957 2038 1033 2078 quo
1061 2024 1288 2066 Cornelium
1310 2023 1508 2077 Nepotem
1533 2024 1655 2065 habet
1678 2028 1987 2077 assentientem,
2027 2030 2092 2079 qui
2116 2025 2164 2066 V.
2180 2026 2323 2066 Timol.
2348 2039 2435 2079 cap.
2452 2025 2493 2075 3,
2521 2035 2585 2062 ex·

285 2091 403 2144 pulso
418 2090 636 2145 Dionysio,
665 2089 1063 2144 Carthaginiensibus
1089 2089 1140 2129 ad
1155 2089 1389 2129 Crimissum
1406 2092 1630 2142 superatis,
1659 2093 1776 2143 capto
1791 2088 2018 2142 Mamerco,
2048 2091 2336 2131 Timoleontem
2362 2093 2438 2141 ait,
2468 2100 2585 2141 quum

284 2159 448 2208 propter
463 2155 760 2197 diuturnitatem
782 2153 879 2194 belli
896 2167 971 2193 non
988 2153 1327 2207 solumbregiones
1338 2181 1350 2204 ,
1379 2153 1452 2193 sed
1468 2156 1587 2193 etiam
1602 2153 1724 2193 urbes
1743 2154 1926 2194 desertas
1944 2155 2118 2206 videret,
2146 2158 2454 2208 conquisivisse,
2484 2163 2586 2204 quos

285 2225 445 2272 posset,
472 2222 641 2271 primum
658 2218 839 2268 Siculos,
868 2217 1008 2258 deinde
1024 2217 1211 2258 Corintho
1236 2220 1500 2258 arcessivisse
1525 2216 1701 2258 colonos.
1756 2217 1812 2258 At
1830 2217 2014 2259 Cornelio
2039 2233 2088 2259 ne
2104 2223 2234 2260 securi
2262 2218 2490 2267 credamus,
2519 2215 2587 2255 vel

285 2283 326 2325 id
341 2287 495 2333 mouet,
523 2281 628 2335 quod
642 2295 727 2335 cap.
743 2281 771 2322 2
795 2281 899 2322 idem
914 2281 1072 2322 Poenos
1095 2281 1269 2322 affirmat
1284 2281 1440 2334 proelio
1463 2280 1513 2322 ad
1529 2281 1775 2322 Crimessum
1797 2280 1904 2323 facto
1929 2289 2091 2323 coaetos
2115 2283 2263 2335 fuisse,
2293 2285 2395 2322 satis
2421 2280 2585 2330 habere,

285 2350 322 2387 si
347 2346 487 2387 liceret
501 2345 678 2385 Africam
703 2345 906 2395 obtinere,
936 2348 1002 2397 qui
1030 2348 1108 2384 iam
1127 2345 1351 2397 complures
1373 2357 1499 2384 annos
1523 2348 1824 2397 possessionem
1842 2346 2004 2386 Siciliae
2030 2351 2262 2386 tenuissent.
2318 2345 2402 2386 Sed
2432 2344 2587 2385 dissen-

286 2414 452 2462 sionem,
475 2421 577 2463 quae
599 2411 703 2448 inter
719 2407 978 2448 Plutarchum
997 2413 1064 2449 est
1083 2421 1132 2449 ae
1144 2407 1363 2449 Diodorum
1374 2438 1385 2460 ,
1414 2412 1472 2449 ita
1487 2413 1602 2462 putet
1615 2408 1764 2464 aliquis
1782 2413 1982 2464 exstingui
1997 2423 2119 2463 posse
2130 2439 2141 2461 ,
2171 2416 2214 2450 ut
2229 2409 2488 2450 Plutarchum
2506 2413 2586 2448 sta—

329 2557 367 2599 *)
389 2558 487 2593 Patet
513 2567 558 2590 ex
578 2558 642 2597 iis,
665 2566 753 2599 quae
775 2566 879 2599 supra
901 2558 1168 2600 disputavimus,
1198 2559 1314 2591 minus
1344 2565 1435 2592 recte
1455 2569 1521 2591 nos
1542 2560 1582 2591 in
1602 2558 1668 2592 tab.
1694 2558 1852 2592 chronol.
1874 2560 1969 2593 Vitae
1992 2560 2222 2593 Timoleontis
2252 2571 2390 2595 annexa
2410 2561 2585 2602 vulgarem

387 2612 558 2642 rationem
584 2616 747 2652 sequutos
777 2619 869 2641 anno
891 2612 955 2642 344
984 2612 1207 2654 assignavisse
1237 2612 1468 2644 Timoleontis
1500 2611 1687 2645 adventum
1715 2614 1754 2644 in
1775 2611 1941 2652 Siciliam,
1972 2614 2033 2654 qui
2060 2614 2177 2645 verius
2206 2613 2451 2646 adscribendus
2478 2610 2585 2642 fuerit

387 2674 479 2695 anno
500 2666 575 2696 345.

328 2729 387 2771 **)
408 2730 515 2763 Diod.
537 2731 642 2773 XVI,
665 2735 719 2765 70
755 2729 951 2768 Κατέστησε
968 2725 1004 2765 δὲ
1022 2729 1082 2764 καὶ
1095 2727 1154 2770 vir
1173 2730 1252 2765 κατ’
1268 2728 1413 2766 intuo-riv
1430 2731 1460 2765 ἓν
1446 2744 1496 2765 m
1497 2728 1614 2775 μοτοίτ
1619 2745 1652 2770 ιιι
1669 2727 1775 2779 ἐρχην
1786 2756 1797 2773 ,
1825 2744 1861 2769 ην
1879 2728 1992 2775 ’Λμφι
1982 2732 2114 2766 mollem
2132 2730 2207 2768 Διός
2224 2731 2416 2775 Ὀλυμπίου
2432 2744 2460 2765 οι
2452 2728 2587 2779 ‘Eupa-

389 2777 470 2815 noda
471 2795 512 2815 ιο
532 2783 642 2816 καλοῦ
621 2797 687 2818 ιιι.σ
716 2782 785 2818 Καὶ
796 2778 898 2830 ιῖρέθιι
914 2797 1040 2830 uptus-05
1051 2781 1170 2828 ’Apama'
1167 2797 1206 2818 vro
1209 2788 1267 2820 λος
1284 2781 1342 2820 Δι
1327 2798 1359 2820 οι
1376 2783 1466 2821 Ὀλιι
1448 2786 1572 2829 νμκίοιι
1592 2782 2087 2827 Κιλλιμιιηι.1(αιτδλοιοκ
2090 2800 2104 2821 ι
2123 2783 2152 2822 'a
2154 2787 2250 2821 erm
2251 2799 2308 2820 σαι
2327 2781 2557 2833 οΣιιιμιιιοιισι
2558 2799 2585 2820 οι

390 2846 465 2870 τους
483 2831 648 2871 btuuro&
671 2832 909 2884 ἐπιγράφοντες
926 2850 1039 2874 *ronna
1042 2851 1056 2872 5
1075 2851 1127 2874 τοι
1115 2841 1145 2872 ς
1167 2851 1336 2888 αρχονσι,
1364 2839 1473 2888 μέχρι
1500 2834 1596 2874 τωιδε
1617 2837 1679 2872 τὸν
1706 2834 1852 2886 tero-enfin!
1870 2840 2102 2887 γραφομένων,
2129 2837 2189 2874 nai
2203 2838 2262 2878 τῆς
2290 2835 2385 2875 aare?
2410 2836 2470 2879 τῆι
2490 2842 2586 2875 mk·

391 2901 442 2923 ru
431 2888 480 2921 lav
495 2884 666 2931 εἷλλιιιγὶῐς.
691 2891 766 2926 'mr
782 2888 848 2939 γα)
862 2888 1028 2934 Ῥωμαίων
1043 2888 1253 2936 μεταδόντων
1273 2906 1326 2928 τοι
1314 2896 1342 2928 “5
1361 2895 1405 2931 Σι
1406 2889 1563 2928 nuno-(na
1565 2903 1581 2925 e
1604 2890 1664 2928 τιῗς
1682 2891 1821 2926 πολι-πεί
1805 2905 1876 2935 ι,ιις
1905 2890 1925 2933 n‘
1951 2907 2015 2928 των
2031 2891 2141 2936 ἰΔμφ
2131 2889 2251 2927 ιπὸλυν
2269 2891 2363 2942 οἷρχῆ
2383 2895 2498 2929 {ratu
2500 2890 2586 2932 val-‘bt

390 2938 585 2985 διαμείνασα
604 2939 672 2982 Ἰτη
686 2945 790 2978 πλείω
808 2958 871 2980 τω
890 2958 1039 2992 τριικοσι
1029 2946 1091 2982 Im.
