2888 3512
231 412 464 469 patriaeque
489 410 787 454 amantissimus
807 415 979 453 maxima
1000 409 1118 453 laude
1142 416 1264 465 atque
1280 411 1539 453 admiratione
1561 409 1723 464 dignum
1740 407 1905 450 haberet
1920 411 2069 462 virum,
2098 413 2164 463 qui
2188 422 2262 463 pro
2277 408 2440 464 publica
2461 424 2522 452 sa·
2590 462 2605 469 ⁹

232 479 317 519 lnte
330 489 381 518 ne
395 477 532 517 fratris
550 477 707 532 quidem
723 479 975 530 pepercisset
989 480 1105 517 vitae.

338 542 450 581 Quae
460 542 509 582 de
525 543 645 581 rebus
660 545 701 580 in
712 541 851 580 Sicilia
861 546 955 592 post
965 541 1227 580 Timoleontis
1244 540 1454 580 adventum
1463 553 1591 593 usque
1601 538 1653 579 ad
1664 539 1846 592 Dionysii
1861 539 2100 579 deditionem
2112 543 2243 592 gestis
2250 544 2385 579 narrat
2393 538 2519 588 Schl.,

231 616 356 658 neque
372 604 573 647 Plutarchi
595 608 773 644 nituntur
791 616 918 657 neque
935 602 1101 645 Diodori
1121 607 1379 656 auctoritate,
1408 605 1479 646 sed
1496 618 1599 645 nova
1617 603 1733 656 plane
1751 608 1905 644 ratione
1924 608 2018 644 sunt
2035 608 2265 655 comparata
2281 617 2328 643 ac
2344 604 2517 657 digesta.

229 668 401 708 Primum
430 673 534 708 enim
557 667 846 707 Timoleontem
865 668 982 718 dicit,
1012 668 1179 707 Hicetae
1205 671 1341 720 copias
1366 673 1671 721 persequentem
1683 697 1694 718 ,
1724 667 1946 720 Syracusas
1974 670 2172 719 irrupisse
2185 695 2196 717 ,
2227 669 2267 705 in
2294 677 2338 705 re
2360 666 2517 718 quidem

227 734 317 783 ipsa
334 730 541 772 indicanda
554 726 723 769 Diodori
739 744 925 782 premens
947 734 1143 783 vestigia,
1172 736 1215 770 at
1232 731 1281 770 de
1300 737 1478 783 tempore
1497 733 1547 771 ab
1562 745 1611 771 eo
1633 731 1854 770 discedens.
1906 730 2126 770 Diodorum
2144 733 2248 768 enim
2264 733 2299 767 si
2318 728 2515 779 audimus,

226 793 432 836 Timoleon
445 797 550 835 victo
573 792 623 834 ad
633 792 834 835 Adranum
844 793 987 834 Hiceta
1002 798 1138 835 statim
1156 794 1379 848 Syracusas
1395 795 1607 846 contendit,
1636 794 1862 835 Schlosseri
1881 800 2051 835 mentem
2067 798 2104 834 si
2123 798 2233 834 recte
2250 796 2514 845 assequimur,

147 864 153 869 ⁴
223 861 328 898 inter
348 864 554 909 utramque
573 869 657 896 rem
673 857 916 909 aliquantum
932 861 1124 910 temporis
1144 861 1384 898 intercessit.
1439 858 1656 899 Praeterea
1677 857 1742 897 hic
1766 862 1861 910 post
1883 858 2075 911 proelium
2092 857 2378 898 Adrauitanum
2406 861 2516 896 ante-

223 935 345 972 quam*
358 920 814 974 Syracusas'occuparet
831 921 1059 972 Timoleon,
1098 922 1338 975 Tyndaritas
1361 926 1418 962 ait
1443 935 1488 962 se
1506 923 1557 962 ad
1582 922 1693 961 illius
1719 925 1933 960 amicitiam
1959 922 2246 972 applicavisse,
2284 933 2402 973 quam
2427 932 2512 958 rem

220 984 421 1025 Diodorus
439 998 515 1024 non
540 987 652 1037 prius
677 990 976 1036 commemorat,
1006 998 1123 1038 quam
1141 985 1428 1027 Timoleontem
1452 990 1627 1027 narravit
1646 984 1935 1039 Syracusarum
1962 990 2075 1037 parte
2101 989 2267 1037 potitum
2289 997 2396 1025 esse.
2450 982 2513 1023 Ex

219 1061 268 1088 eo
293 1053 470 1099 tempore
497 1048 761 1088 Schlosserus
787 1049 924 1088 urbem
950 1054 1089 1088 censet
1115 1052 1172 1088 ita
1196 1049 1364 1090 divisam
1393 1050 1545 1101 fuisse,
1580 1054 1624 1090 ut
1647 1048 1867 1103 Dionysius
1896 1048 2066 1090 insulam
2091 1048 2309 1098 obtineret,
2343 1046 2509 1086 Hicetas

217 1111 503 1161 Achradinam,
534 1111 742 1150 Timoleon
766 1112 943 1164 reliquas
963 1113 1076 1152 urbis
1101 1118 1259 1163 partes,
1287 1113 1504 1153 Diodorum
1531 1118 1744 1165 sequutus,
1785 1118 2062 1165 praeterquam
2093 1112 2198 1165 quod
2218 1112 2284 1150 hic
2299 1110 2509 1161 Neapolim

217 1187 372 1228 quoque
396 1179 556 1227 praeter
571 1173 835 1215 Achradinam
853 1176 992 1215 tribuit
1011 1175 1189 1215 Hicetae.
1245 1175 1320 1216 His
1342 1180 1400 1217 ita
1418 1180 1614 1229 expositis
1631 1176 1739 1216 Schl.
1760 1189 1827 1216 res
1845 1190 1870 1215 a
1890 1175 2104 1216 Plutarcho
2123 1179 2285 1227 copiose
2299 1173 2509 1226 probabili-

215 1251 292 1291 que
309 1238 445 1277 ordine
462 1238 613 1277 relatas
632 1241 684 1277 iis
707 1239 888 1278 omnibus
909 1238 1086 1291 implicat
1104 1238 1429 1292 difficultatibus,
1459 1252 1560 1294 quas
1576 1239 1741 1280 Diodori
1771 1242 1915 1280 rationi
1937 1239 2099 1282 obstare
2126 1238 2330 1279 docuimus
2346 1236 2507 1291 Proleg.

213 1303 262 1341 ΙΙ.
281 1316 319 1353 p.
341 1302 394 1341 10
412 1315 473 1353 sq.
527 1301 682 1341 Deinde
699 1302 830 1341 Schl.:
859 1303 1024 1352 „Iketas
1049 1303 1223 1342 verband
1244 1305 1331 1341 sich
1343 1304 1450 1353 jetzt
1467 1308 1624 1356 inniger
1641 1308 1712 1342 mit
1729 1304 1804 1342 den
1824 1304 2073 1357 Karthagern
2092 1304 2171 1342 und
2187 1302 2404 1354 versprach
2421 1302 2508 1340 ihre

213 1364 398 1417 Truppen
415 1368 454 1405 in
475 1363 539 1405 die
558 1364 675 1405 Stadt
693 1365 993 1405 einzulassen.“
1045 1366 1154 1406 Haec
1171 1366 1291 1419 paulo
1309 1367 1428 1406 aliter
1450 1366 1672 1416 Diodorus,
1701 1370 1767 1418 qui
1785 1373 1996 1419 postquam
2016 1371 2200 1418 exposuit
2217 1366 2266 1404 de
2284 1366 2383 1404 urbe
2402 1369 2507 1403 inter

211 1427 519 1480 Timoleontem,
555 1427 758 1480 Hicetam,
795 1427 1030 1482 Dionysium
1055 1429 1207 1482 divisa,
1243 1433 1427 1470 continuo
1451 1429 1650 1484 adiungit,
1689 1429 2042 1484 Carthaginienses
2062 1429 2127 1470 CL
2154 1430 2320 1470 navibus
2346 1433 2503 1480 portum

210 1495 407 1541 tenuisse,
436 1497 477 1531 et
494 1495 777 1545 quinquaginta
794 1492 956 1531 milibus
981 1496 1182 1544 copiarum
1206 1492 1449 1545 pedestrium
1477 1498 1613 1531 castra
1633 1496 1842 1544 posuisse,
1870 1498 2092 1533 castrorum
2116 1498 2250 1531 tamen
2272 1492 2402 1530 locum
2427 1505 2503 1530 non

209 1555 407 1604 indicans,
435 1567 551 1606 quem
569 1555 698 1593 locum
716 1559 830 1593 extra
854 1555 992 1594 urbem
1011 1555 1141 1594 fuisse
1165 1558 1306 1605 exiis,
1337 1567 1438 1606 quae
1463 1558 1552 1606 ipse
1576 1560 1694 1594 autea
1719 1556 1954 1606 explicavit,
1983 1561 2125 1607 sponte
2147 1560 2325 1606 apparet.
2380 1553 2425 1592 In
2441 1554 2506 1591 his

206 1618 326 1670 paulo
352 1621 516 1670 propius
542 1617 592 1658 ad
610 1617 864 1658 Plutarchum
891 1618 1044 1658 accedit
1060 1618 1192 1671 Schl.;
1220 1618 1290 1658 ille
1306 1621 1409 1664 enim
1429 1618 1612 1658 Hicetam
1635 1622 1713 1668 ait,
1741 1619 1808 1657 ubi
1832 1619 2095 1659 Timoleontis
2114 1622 2222 1658 vires
2247 1620 2504 1670 cognovisset

206 1681 462 1733 dynastarum
483 1684 764 1733 civitatumque
787 1681 1000 1720 multarum
1023 1681 1186 1720 foedere
1204 1687 1367 1732 auctas,
1406 1694 1482 1734 quo
1504 1685 1702 1733 promtius
1731 1682 1808 1721 sibi
1835 1687 1949 1721 esset
1978 1688 2098 1734 atque
2124 1682 2263 1721 utilius
2281 1681 2500 1719 Poenorum

204 1744 414 1795 auxilium,
451 1757 523 1784 eos
552 1748 827 1784 arcessivisse.
891 1744 971 1784 Sed
997 1745 1117 1797 longe
1141 1744 1262 1784 alium
1285 1749 1325 1784 in
1349 1757 1480 1783 rerum
1503 1748 1610 1783 serie
1637 1744 1767 1783 locum
1796 1745 1888 1783 huic
1911 1749 1969 1784 rei
1999 1750 2224 1798 assignavit
2244 1744 2495 1792 Plutarchus,

204 1811 271 1860 qui
289 1813 383 1860 post
392 1807 636 1847 Mamercum
647 1806 899 1847 Catinensem
918 1811 1111 1846 societate
1131 1807 1367 1847 Timoleonti
1383 1811 1571 1858 iunctum,
1599 1812 1693 1859 post
1707 1806 1943 1860 Dionysium
1960 1808 2132 1848 deditum
2151 1811 2189 1846 in
2210 1811 2494 1859 captivitatem,

202 1875 297 1923 post
315 1883 446 1910 arcem
464 1870 752 1923 Syracusarum
770 1884 795 1910 a
812 1871 1026 1910 Corinthiis
1046 1875 1276 1922 occupatam
1301 1870 1460 1909 tandem
1480 1870 1578 1910 illud
1595 1870 1743 1910 factum
1767 1883 1861 1910 esse
1881 1871 2076 1921 affirmat,
2106 1884 2235 1923 neque
2261 1871 2392 1910 solum
2412 1870 2496 1922 pol-

201 1934 353 1975 licitum
368 1946 463 1974 esse
482 1925 664 1974 Hicetam
683 1934 781 1974 urbe
799 1947 845 1974 se
860 1939 1108 1986 recepturum
1123 1947 1217 1974 esse
1228 1934 1398 1986 Poenos,
1427 1934 1502 1974 sed
1516 1946 1658 1973 revera
1674 1934 2025 1987 Carthaginienses
2045 1935 2094 1974 ab
2114 1934 2258 1974 Hiceta
2274 1938 2494 1974 arcessitos

200 2002 357 2050 portum
376 1997 509 2037 classe
529 2010 748 2050 occupasse
766 2002 807 2036 et
829 2001 1039 2050 sexaginta
1059 1998 1220 2037 milibus
1242 2001 1443 2036 exercitus
1466 1997 1669 2049 pedestris
1686 1998 1823 2037 urbem
1842 2001 2050 2051 ingressos
2074 2011 2190 2049 esse,
2220 2012 2296 2050 quo
2314 2003 2494 2050 tempore

198 2064 367 2112 primum
392 2061 617 2113 Syracusas
642 2064 804 2100 venisse
829 2064 869 2099 in
892 2062 1148 2100 barbarorum
1170 2074 1324 2100 manus.
1354 2083 1401 2089 -
1429 2061 1625 2112 Adiungit
1641 2060 1771 2099 Schl.:
1801 2061 2013 2111 „Darfiber
2037 2062 2301 2100 erschracken
2327 2061 2391 2099 die
2418 2061 2492 2099 Be-

198 2126 326 2163 sitzer
352 2122 423 2163 der
440 2123 750 2163 verschiedenen
766 2123 1054 2177 Raubburgen,
1094 2122 1173 2164 und
1194 2128 1310 2164 unter
1331 2124 1448 2163 ihnen
1475 2122 1706 2163 Mamercus
1733 2137 1809 2164 von
1835 2123 2014 2175 Katana,
2049 2124 2143 2164 weil
2166 2123 2259 2164 Alle
2284 2123 2492 2177 Karthago

197 2187 311 2227 mehr
331 2186 557 2226 fiirchteten
573 2187 637 2226 als
652 2186 834 2226 Korinth.
890 2186 1015 2226 Diese
1036 2187 1192 2226 kleinen
1209 2187 1416 2239 Dynasten
1434 2186 1638 2225 erklarten
1658 2187 1747 2225 sich
1772 2187 1896 2226 daher
1920 2188 1985 2226 fur
2005 2187 2255 2226 Timoleon.“
2308 2187 2418 2225 Haec
2440 2186 2492 2226 ad

197 2247 418 2300 exemplum
444 2247 531 2288 fere
554 2248 721 2289 Diodori
751 2254 846 2289 sunt
863 2249 990 2302 dicta3
1027 2249 1091 2289 hic
1111 2253 1215 2289 enim
1241 2253 1411 2302 scriptor
1431 2248 1625 2291 Mamerci
1651 2252 1846 2290 societate
1874 2263 1961 2290 cum
1990 2249 2239 2290 Timoleonte
2267 2253 2387 2290 iuncti
2413 2263 2491 2290 non

195 2317 305 2365 prius
324 2312 421 2351 facit
435 2316 673 2352 mentionem
685 2342 697 2363 ,
727 2326 844 2365 quam
861 2314 1018 2352 Poenos
1047 2314 1096 2352 ab
1115 2314 1257 2352 Hiceta
1276 2314 1498 2365 Syracusas
1526 2313 1719 2352 adductos
1744 2313 1875 2353 fuisse
1897 2318 2237 2363 commemoravit,
2265 2314 2341 2351 hoc
2355 2318 2492 2353 tamen

195 2390 271 2417 uon
289 2374 500 2425 adiiciens,
528 2379 721 2417 terrorem
744 2376 820 2417 hac
839 2390 883 2416 re
904 2380 1090 2417 iniectum
1107 2390 1267 2417 causam
1286 2376 1415 2416 fuisse
1430 2376 1635 2417 Mamerco
1653 2381 1862 2417 societatis
1878 2378 1987 2417 illius
2002 2377 2206 2429 petendae.
2262 2376 2490 2418 Secundum

194 2439 447 2480 Plutarchum
464 2437 713 2489 Mamercus,
741 2445 952 2492 antequam
967 2440 1091 2480 Poeni
1109 2441 1331 2493 Syracusas
1357 2445 1572 2492 venerunt,
1601 2440 1768 2481 Hicetae
1789 2441 1901 2481 clade
1928 2439 1979 2480 ad
1995 2439 2194 2480 Adranam
2217 2445 2386 2493 accepta
2401 2453 2489 2495 per-

192 2508 325 2544 motus
343 2507 429 2553 est,
455 2506 501 2541 ut
518 2501 661 2541 foedus
681 2515 768 2543 cum
786 2504 1036 2544 Timoleonte
1054 2505 1217 2544 faceret.
1246 2527 1293 2533 -
2272 2544 2278 2547 ,

298 2565 432 2607 Schl.:
459 2564 578 2616 „Und
596 2565 727 2605 selbst
741 2566 962 2620 Dionysius
980 2582 1066 2608 war
1083 2568 1173 2608 edel
1189 2580 1342 2621 genug,
1371 2572 1457 2607 sein
1473 2568 1599 2608 Reich
1616 2570 1724 2609 nicht
1751 2570 1825 2609 auf
1848 2569 1922 2608 den
1940 2568 2173 2608 Triimmern
2194 2573 2332 2609 seines
2348 2568 2485 2608 Vater-

190 2629 331 2669 landes
346 2629 475 2669 bauen
491 2640 543 2667 zu
560 2627 730 2680 wollen,
757 2631 855 2670 oder
875 2634 948 2670 mit
963 2631 1111 2670 andern
1128 2626 1320 2680 Worten',
1350 2642 1396 2669 er
1409 2630 1549 2670 wollte
1566 2631 1631 2671 die
1654 2631 1881 2684 Syrakuser
1898 2631 2024 2671 lieber
2048 2632 2147 2683 frei,
2178 2632 2241 2672 als
2258 2646 2335 2673 von
2354 2631 2483 2670 Frem-

189 2693 265 2732 den
290 2691 526 2731 beherrscht
550 2690 696 2741 sehen,
731 2693 812 2733 und
841 2694 1067 2745 capitulirte
1093 2698 1167 2735 mit
1194 2694 1442 2733 Timoleon.“
1495 2692 1634 2745 Itaque
1662 2695 1737 2733 hoc
1764 2700 1941 2746 tempore
1969 2694 2210 2735 deditionem
2242 2709 2268 2734 a
2288 2695 2481 2744 Dionysio

186 2755 334 2796 factam
360 2766 457 2794 esse
478 2766 640 2795 sumens
659 2752 925 2796 Schlosserus
947 2770 1074 2809 neque
1094 2756 1307 2797 Plutarcho
1332 2759 1549 2806 consentit,
1590 2760 1655 2808 qui
1680 2762 1775 2808 post
1800 2757 1997 2808 proelium
2010 2757 2314 2806 Adranitanum‚
2353 2768 2483 2808 neque

185 2815 383 2865 Diodoro,
412 2819 480 2868 qui
496 2822 591 2868 post
612 2816 795 2857 Hicetam
812 2819 941 2859 altera
955 2832 1091 2872 pugna
1106 2826 1335 2872 superatum
1349 2821 1395 2858 'ac
1411 2818 1625 2870 Syracusis
1642 2819 1851 2870 expulsum
1867 2820 2016 2861 factam
2034 2835 2128 2861 esse
2146 2818 2318 2859 tradidit.
2349 2818 2484 2858 Quum

185 2883 310 2934 igitur
329 2877 437 2919 Schl.
455 2882 544 2931 ipse
562 2879 769 2931 iudicarit,
797 2881 947 2923 falsum
968 2882 1098 2923 fuisse
1115 2882 1345 2934 Diodorum,
1374 2884 1439 2935 qui
1466 2884 1505 2919 in
1534 2885 1727 2922 remotius
1755 2887 1914 2936 tempus
1942 2897 2025 2925 rem
2048 2887 2255 2924 maximam
2280 2884 2480 2932 reiiceret,

185 2954 382 2997 quumque
401 2940 601 2982 dissensio
628 2947 710 2983 ista
737 2957 824 2984 cum
846 2944 1080 2997 Plutarcho,
1111 2960 1190 2999 qua
1209 2946 1385 2987 Diodoro
1409 2944 1655 2997 obsequutus
1675 2944 1965 2987 Timoleontem
1991 2948 2163 2988 affirmat
2191 2950 2288 2999 post
2309 2957 2481 2997 pugnam

183 3005 465 3049 Adranitanam
480 3007 617 3048 statim
636 3006 926 3059 Syracusarum
944 3015 1058 3063 parte
1073 3013 1241 3075 potitum
1256 3022 1349 3052 esse
1360 3037 1372 3060 ,
1400 3021 1477 3048 non
1493 3007 1611 3050 modo
1628 3009 1728 3052 nihil
1741 3011 1920 3053 conferat
1938 3009 1988 3052 ad
2007 3023 2140 3052 rerum
2158 3009 2486 3065 probabilitatem
