2888 3491
1384 250 1645 291 ..10-

353 377 431 419 den
451 376 522 419 der
540 372 823 418 Kounthische
843 371 1137 414 Befehlshaber
1155 374 1302 415 vorber
1330 374 1554 416 iiberfallen
1578 376 1659 417 und
1684 376 1880 432 befestigt
1901 378 2032 428 hatte,
2069 377 2193 420 durch
2220 381 2285 421 die
2304 381 2562 422 Theilnabme
2590 380 2662 424 der

352 442 580 483 Messenicr
600 451 651 479 an
676 437 764 477 dem
786 436 937 491 Kriege
966 440 1039 478 mit
1055 436 1190 479 lhetas
1220 438 1315 489 sehr
1335 438 1612 480 erleichtert.“
1666 439 1758 482 Non
1785 445 1889 482 satis
1914 440 2169 483 manifestum
2195 449 2280 495 est,
2308 450 2441 489 utrum
2463 450 2557 487 ante
2582 445 2662 486 dis-

354 518 512 547 cessum
537 503 729 557 Magonis
746 501 1013 542 Achradinam
1041 515 1066 542 a
1084 502 1302 543 Corinthiis
1325 509 1558 558 occupatam
1583 516 1678 546 esse
1703 509 1817 558 putet
1836 504 1945 546 Schl.
1960 535 1973 557 ,
2012 518 2063 546 an
2086 510 2181 559 post
2206 506 2387 548 eiusdem
2414 508 2661 562 discessurum

352 572 616 623 posteriorem
632 571 722 608 eius
743 578 839 607 esse
856 570 1095 607 sententiam
1116 580 1165 608 ex
1195 571 1248 607 iis
1269 567 1461 621 colligas,
1498 581 1600 620 quae
1628 569 1745 609 modo
1768 582 1819 609 ex
1850 573 1939 609 eius
1969 569 2072 609 libro
2099 573 2459 623 transscripsimus.
2516 573 2661 614 Secun-

351 634 445 674 dum
465 646 535 683 ea,
565 644 666 684 quae
689 629 862 671 dilucide
890 643 939 671 ac
961 630 1147 672 distincte
1170 630 1344 684 explicat
1368 631 1630 683 Plutarchus,
1659 638 1701 673 et
1722 632 2015 673 Corinthiorum
2043 633 2225 674 subsidia
2248 628 2444 675 advenere
2476 640 2519 675 et
2545 642 2663 688 capta

350 698 429 737 fuit
445 696 671 737 Achradina
690 698 924 747 priusquam
947 696 1081 735 abiere
1103 695 1469 749 Carthaginienses.
1525 694 1680 735 Deinde
1705 695 1813 735 Schl.
1845 699 1896 735 iis
1924 696 2068 746 rebus,
2108 709 2208 749 quas
2235 701 2576 749 commemoravit,
2604 698 2663 739 af·

351 761 484 801 firmat
509 758 799 799 Timoleontem
829 761 870 798 in
899 758 1104 799 liberanda
1132 759 1473 812 Syracusanorum
1501 759 1601 798 urbe
1630 772 1873 812 magnopere
1902 759 2078 799 adiutum
2106 760 2247 800 fuisse.
2311 760 2412 801 Post
2438 761 2662 804 discessum

352 829 484 863 autem
499 822 725 862 Poenorum
748 827 794 861 ut
810 821 1040 875 Syracusae
1063 823 1349 873 liberarentur,
1387 822 1443 862 nil
1466 827 1676 874 supererat
1698 822 2006 875 perficiendum,
2045 826 2122 862 nisi
2149 829 2194 863 ut
2216 823 2383 864 Hicetae
2412 828 2662 877 eriperentur

351 899 446 937 eae,
477 898 577 939 quas
591 889 812 926 etiamtunc
829 887 1015 937 tenebat,
1043 886 1154 926 urbis
1170 891 1322 939 partes.
1377 885 1453 926 Hic
1470 899 1566 926 vero
1591 889 1762 926 maxime
1787 885 2048 940 intelligitur,
2077 892 2247 938 quantae
2274 887 2404 928 fraudi
2422 887 2660 928 Schlossero

350 951 473 990 fuerit
490 950 694 990 dissensio
712 963 801 990 cum
821 949 1048 991 Plutarcho.
1104 950 1235 991 Quum
1256 953 1360 990 enim
1377 955 1496 990 antea
1518 963 1607 991 cum
1623 949 1799 991 Diodoro
1815 950 2045 1001 tradiderit,
2073 955 2167 1003 post
2186 963 2359 1004 pugnam
2376 951 2661 992 Adranitanam

350 1014 593 1067 Dionysium
614 1015 839 1054 obtinuisse
858 1028 991 1055 arcem
1009 1019 1130 1067 atque
1147 1014 1318 1054 insulam
1332 1043 1343 1065 ‚
1372 1013 1554 1054 Hicetam
1571 1013 1849 1065 Achradinam,
1878 1013 2166 1057 Timoleontem
2184 1014 2363 1067 reliquas
2377 1016 2490 1056 urbis
2506 1020 2660 1068 partes,

352 1078 497 1118 deinde
527 1082 751 1117 narraverit
773 1091 906 1118 arcem
934 1093 1022 1119 cum
1047 1078 1181 1118 insula
1198 1078 1440 1117 Timoleonti
1468 1091 1562 1117 esse
1590 1078 1784 1128 deditam,
1813 1077 2039 1117 Achradina
2064 1081 2214 1129 potitos
2242 1089 2337 1117 esse
2361 1078 2588 1118 Corinthios
2610 1090 2661 1118 ex

353 1154 447 1181 arce
468 1144 619 1194 impetu
637 1140 769 1192 facto,
798 1141 863 1181 his
889 1145 924 1181 si
947 1141 1165 1192 credimus,
1195 1145 1273 1182 iam
1301 1146 1388 1181 tota
1413 1142 1510 1182 urbs
1534 1145 1574 1182 in
1591 1141 1855 1182 Timoleontis
1872 1147 1960 1182 erat
1978 1146 2202 1194 potestate,
2229 1154 2357 1193 neque
2384 1142 2468 1181 ulla
2491 1146 2578 1181 eius
2599 1155 2661 1181 re-

355 1207 491 1245 stabat
510 1218 629 1256 pars,
659 1217 760 1256 quae
779 1204 1007 1258 occupanda
1022 1209 1158 1256 esset,
1201 1208 1240 1244 in
1267 1217 1395 1258 quave
1425 1204 1654 1258 occupanda
1670 1204 1754 1245 ullo
1780 1204 1973 1246 iuvandas
1997 1208 2110 1246 esset
2139 1203 2331 1246 subsidio.
2396 1203 2508 1246 Unde
2534 1209 2659 1258 patet,

354 1272 553 1309 contraria
576 1272 681 1307 inter
705 1281 751 1306 se
769 1281 889 1318 esse,
932 1281 1033 1320 quae
1053 1268 1224 1307 diversis
1243 1268 1344 1306 locis
1363 1268 1489 1306 refert
1508 1269 1797 1318 Schlosserus·;
1828 1281 1931 1319 quae
1948 1269 2106 1320 quidem
2125 1268 2393 1320 discrepantia
2408 1268 2517 1308 nulla
2532 1273 2659 1319 esset,

351 1334 427 1370 nisi
450 1332 649 1370 immerita
668 1329 872 1369 Plutarchi
891 1333 1156 1369 contemtione
1176 1329 1268 1368 boni
1294 1332 1505 1381 scriptoris
1531 1332 1810 1368 auctoritatem
1836 1330 2097 1381 spernendam
2116 1343 2164 1369 ac
2181 1330 2440 1371 deserendam
2458 1344 2552 1371 esse
2572 1344 2661 1370 cen-

349 1398 515 1433 suisset.
570 1392 772 1432 Proelium
797 1405 1006 1447 magnum,
1047 1405 1124 1445 quo
1154 1396 1285 1432 victus
1307 1391 1473 1433 Hicetas
1501 1392 1717 1446 Syracusis
1743 1395 1897 1433 eiectus
1923 1397 2010 1444 est,
2048 1392 2208 1433 silentio
2237 1399 2508 1446 praetermisit
2535 1395 2660 1445 Schl.,

349 1459 561 1497 brevitatis
588 1456 744 1507 studio,
783 1470 832 1496 an
852 1456 957 1508 quod
987 1461 1177 1506 sentiret,
1217 1460 1307 1495 eius
1327 1460 1739 1496 commemorationem
1770 1469 1868 1496 suae
1884 1457 2129 1509 reliquarum
2149 1469 2283 1498 rerum
2303 1461 2543 1498 enarrationi
2567 1463 2661 1511 apte

351 1521 545 1574 applicari
563 1534 640 1559 non
656 1533 793 1572 posse.
849 1519 894 1559 ld
913 1523 1183 1559 certissimum
1200 1524 1265 1558 est
1276 1549 1288 1569 ,
1320 1532 1420 1570 quae
1436 1520 1674 1559 Plutarchus
1696 1520 1745 1558 de
1764 1520 1848 1558 illis
1863 1520 1984 1558 rebus
2001 1524 2162 1570 copiose
2180 1525 2380 1561 enarravit
2397 1525 2561 1574 egregie
2582 1522 2661 1561 sibi

353 1588 486 1623 omnia
508 1587 695 1622 constare
718 1594 846 1634 neque
863 1581 1075 1634 quidquam
1092 1582 1263 1631 habere,
1294 1581 1398 1634 quod
1422 1594 1499 1621 non
1517 1581 1778 1634 probabiliter
1797 1580 1978 1622 videatur
1999 1581 2144 1622 dictum
2166 1595 2271 1623 esse.

460 1647 590 1686 Schl.:
620 1645 917 1696 „Unmittelbar
933 1646 1034 1684 nach
1053 1646 1124 1684 der
1136 1645 1356 1684 Einnahme
1377 1645 1448 1684 der
1465 1645 1578 1696 Burg
1598 1644 1698 1683 liess
1713 1648 1774 1684 sie
1793 1644 2021 1695 Timoleon,
2050 1659 2116 1683 um
2125 1644 2244 1697 jedes
2261 1646 2476 1686 Andenken
2495 1647 2564 1687 der
2582 1648 2660 1701 'ry

351 1713 488 1750 rannei
508 1722 560 1748 zu
582 1708 802 1760 vertilgen,
832 1720 908 1746 von
926 1707 1060 1746 Grund
1086 1720 1160 1745 aus
1183 1706 1401 1755 schleifen,
1436 1707 1516 1745 und
1538 1706 1714 1746 erkliirte
1743 1707 1817 1746 den
1841 1708 2116 1759 Syrakusern,
2151 1709 2246 1747 dass
2269 1721 2315 1747 er
2343 1722 2544 1761 gesonnen
2570 1723 2658 1763 sey,

348 1777 438 1813 eine
457 1772 609 1824 vollige
625 1770 886 1810 Demokratie
906 1770 1178 1810 einzurichten
1190 1797 1202 1819 ,
1231 1768 1311 1807 und
1342 1767 1405 1808 die
1419 1767 1683 1822 Erneuerung
1707 1769 1787 1809 und
1802 1767 2109 1823 Verbesserung
2130 1770 2238 1811 ihrer
2255 1771 2362 1811 alten
2382 1772 2555 1812 Gesetze
2579 1773 2659 1812 und

347 1835 662 1888 Einrichtungen
681 1833 804 1873 durch
825 1833 888 1873 die
904 1832 1122 1872 Korinther
1142 1832 1409 1885 vorschlagen
1428 1845 1479 1871 zu
1503 1831 1684 1871 lassen.“
1739 1832 1849 1872 Haec
1869 1846 2011 1874 rursus
2025 1837 2097 1885 iis,
2128 1847 2229 1886 quae
2247 1841 2364 1876 antca
2379 1837 2516 1877 retulit
2534 1837 2656 1887 Schl.,

349 1913 489 1952 parum
511 1902 791 1938 convenienter
811 1902 903 1937 sunt
922 1897 1040 1937 dicta.
1096 1896 1179 1936 Arx
1204 1899 1308 1936 enim
1329 1894 1569 1935 Timoleonti
1590 1899 1702 1947 prins
1720 1897 1868 1935 tradita
1884 1902 1969 1947 est,
1999 1910 2115 1950 quam
2135 1898 2485 1953 Carthaginienses
2509 1900 2657 1940 disces—

349 1966 500 2003 serunt.
558 1961 662 2002 Quis
682 1966 815 2002 autem
835 1965 921 2011 est,
952 1964 1018 2013 qui
1038 1960 1175 2000 credat
1186 1990 1198 2010 ,
1228 1959 1277 1999 de
1299 1958 1490 1999 diruenda
1511 1972 1603 1998 arce
1624 1959 1751 2011 deque
1775 1973 1820 1999 re
1836 1961 1996 2011 publica
2011 1963 2286 2001 constituenda
2303 1967 2509 2015 cogitasse
2527 1963 2657 2001 Timo-

347 2027 537 2077 leontem,
567 2030 779 2078 antequam
796 2029 922 2065 totam
944 2027 983 2064 in
1006 2035 1081 2064 sua
1099 2027 1303 2078 potestate
1324 2022 1492 2063 haberet
1510 2022 1647 2063 urbem
1658 2022 1682 2063 ‚⁰
1710 2021 1904 2064 Fortasse
1923 2026 1963 2063 in
1981 2036 2156 2064 errorem
2168 2023 2275 2065 Schl.
2293 2025 2476 2066 inductus
2492 2031 2557 2066 est
2570 2039 2656 2067 ver-

347 2091 412 2130 bis
430 2090 657 2139 Plutarchi,
689 2102 775 2141 cap.
794 2089 868 2139 22,
897 2101 975 2139 qua
993 2093 1085 2127 sunt
1102 2077 1343 2137 Γενόμενος
1364 2073 1411 2126 δὲ
1434 2082 1515 2125 ‘riis
1532 2076 1679 2140 ἄκροις
1698 2077 1843 2141 κύριος
1862 2098 1904 2128 κ.
1924 2095 1969 2129 τ.
1986 2081 2036 2128 λ.
2048 2116 2060 2135 ,
2093 2086 2143 2125 de
2166 2091 2280 2126 cuius
2301 2088 2378 2128 loci
2395 2089 2656 2142 explicatione

350 2152 441 2193 vide
463 2164 565 2205 quae
590 2154 848 2204 exposuimus
874 2154 913 2192 in
932 2150 1149 2192 Comment.
1171 2164 1264 2204 pag.
1285 2148 1365 2191 436
1381 2163 1441 2201 sq.
1498 2148 1560 2190 De
1581 2155 1784 2190 auctarum
1810 2151 1963 2190 colonis
1979 2151 2144 2190 Graecis
2163 2150 2451 2202 Syracusarum
2477 2158 2655 2204 tempore

351 2216 548 2268 modoque
567 2214 744 2253 Diodoro
765 2218 961 2254 consentit
982 2214 1113 2266 Schl.,
1142 2227 1219 2254 non
1241 2213 1479 2265 Plutarcho,
1509 2215 1621 2253 cuius
1648 2216 1751 2254 ratio
1779 2213 1923 2267 quibus
1943 2213 2123 2256 firmetur
2144 2217 2390 2266 argumentis
2411 2229 2533 2268 supra
2559 2217 2656 2256 indi-

349 2284 541 2319 cavimus.
597 2278 698 2317 Item
716 2279 766 2317 de
784 2283 835 2316 iis
851 2279 992 2326 rebus,
1021 2291 1122 2328 quae
1142 2283 1234 2316 ante
1253 2290 1426 2329 pugnam
1445 2277 1496 2314 ad
1514 2277 1757 2315 Crimessum
1774 2277 1921 2316 factam
1941 2281 2046 2317 inter
2056 2276 2344 2316 Timoleontem
2362 2279 2655 2320 intervenerunt

349 2347 391 2383 et
413 2341 596 2382 Hicetam
607 2371 619 2392 ,
649 2340 701 2381 ad
719 2339 939 2382 Diodorum
957 2339 1063 2379 Schl.
1087 2345 1218 2394 magis
1237 2354 1283 2379 se
1301 2340 1496 2392 applicat,
1528 2352 1643 2391 quam
1659 2340 1709 2379 ad
1727 2341 1995 2380 Plutarchum.
2048 2340 2112 2380 De
2132 2340 2197 2379 his
2216 2352 2372 2391 quoque
2392 2352 2512 2392 supra
2529 2342 2655 2382 disse-

349 2410 515 2445 ruimus.
571 2404 759 2444 Ceterum
784 2403 890 2456 quod
914 2403 1023 2442 Schl.
1049 2403 1242 2455 affirmat,
1271 2404 1402 2444 relata
1419 2415 1445 2442 a
1459 2402 1675 2441 Plutarcho
1699 2402 1746 2442 de
1767 2402 1910 2444 Hiceta
1932 2402 2104 2456 aliisque
2124 2405 2325 2456 tyrannis,
2369 2406 2405 2443 si
2432 2417 2655 2457 comparen-

349 2475 415 2510 tur
434 2482 521 2510 cum
538 2467 738 2519 Diodoro,
768 2467 876 2507 clare
896 2472 1017 2519 atque
1040 2467 1244 2507 evidenter
1269 2467 1505 2515 ostendere,
1534 2471 1679 2517 quanta
1698 2472 1785 2506 arte
1801 2467 2040 2507 Plutarchus
2064 2466 2211 2507 solitus
2233 2466 2375 2518 fuerit,
2402 2471 2480 2506 etsi
2499 2468 2654 2509 menda-

350 2537 500 2575 ciorum
526 2535 692 2586 coargui
719 2545 795 2573 non
822 2534 977 2585 possit,
1016 2535 1076 2572 sic
1100 2536 1233 2573 tamen
1250 2543 1439 2572 enarrare
1465 2541 1533 2569 res
1557 2535 1717 2582 gestas,
1755 2536 1799 2570 ut
1825 2544 1922 2571 suas
1948 2535 2083 2583 potius
2106 2530 2276 2571 referret
2305 2531 2354 2571 de
2374 2531 2495 2571 rebus
2523 2536 2654 2585 gestis

352 2602 563 2650 conceptas
590 2600 721 2636 animo
750 2599 969 2649 opinones,
1019 2609 1135 2649 quam
1161 2599 1289 2649 ipsam
1320 2607 1453 2635 rerum
1478 2596 1707 2645 veritatem,
1736 2594 1811 2635 hoc
1831 2608 1909 2647 quo
1934 2597 2155 2648 pertineat,
2193 2607 2271 2634 non
2300 2594 2495 2649 intelligo.
2550 2595 2654 2638 Nus-

352 2673 469 2713 quam
493 2665 598 2702 enim
627 2666 816 2712 apparet,
855 2666 1070 2712 propterea
1096 2660 1263 2700 Hicetae
1292 2660 1437 2699 aliisve
1462 2661 1641 2709 tyrannis
1665 2659 1916 2698 obtrectasse
1942 2658 2197 2698 Plutarchum
2223 2657 2290 2697 vel
2316 2657 2449 2698 debita
2472 2659 2556 2700 ulla
2580 2672 2653 2700 eos

351 2723 555 2778 spoliasse
573 2724 712 2773 laude,
742 2728 786 2764 ut
816 2727 967 2765 maiore
997 2723 1129 2778 gloria
1153 2728 1314 2764 ornaret
1333 2720 1644 2773 Timoleontem3
1686 2735 1758 2762 nec
1782 2722 1983 2762 Diodorus
2010 2722 2167 2774 quidem
2202 2720 2251 2760 de
2272 2720 2416 2761 Hiceta
2443 2724 2653 2776 quidquam

348 2791 567 2828 memoriae
580 2788 771 2839 prodidit,
802 2788 906 2840 quod
924 2788 989 2827 vel
1008 2788 1154 2827 melius
1175 2799 1249 2827 nos
1267 2786 1403 2827 iubeat
1421 2787 1649 2826 existimare
1671 2784 1720 2826 de
1744 2790 1933 2840 tyranno,
1961 2789 2092 2827 minus
2110 2784 2211 2825 bene
2231 2782 2279 2825 de
2298 2783 2558 2838 Timoleonte,
2587 2787 2653 2828 vel

350 2855 508 2891 omnino
531 2864 666 2890 rerum
693 2856 774 2890 tum
798 2857 1004 2904 gestarum
1033 2852 1175 2901 aliam,
1205 2857 1325 2902 atque
1349 2863 1375 2888 a
1397 2849 1610 2888 Plutarcho
1635 2850 1815 2890 videmus
1842 2861 2095 2902 expressam,
2131 2847 2321 2901 praebeat
2348 2852 2571 2905 imaginem.
2601 2873 2650 2880 -—

348 2914 410 2954 De
427 2927 590 2955 numero
609 2917 810 2968 copiarum
825 2944 837 2965 ,
867 2927 968 2967 quae
995 2915 1148 2966 proelio
1175 2914 1411 2954 dimicarunt
1431 2912 1480 2952 ad
1498 2912 1762 2963 Crimessum,
1793 2913 2019 2965 discrepant
2038 2911 2195 2963 quidem
2219 2914 2322 2951 inter
2344 2925 2391 2952 se
2412 2914 2652 2953 Plutarchus

349 2982 391 3018 et
408 2976 631 3031 Diodorus,
661 2990 790 3033 neque
812 2989 909 3020 vero
928 2988 1055 3031 aeque
1082 2977 1285 3020 iudicasse
1308 2979 1406 3031 puto
1422 2973 1701 3019 Schlosserum
1728 2976 1829 3019 hanc
1852 2989 2008 3031 quoque
2035 2975 2340 3028 discrepantiam
2354 2976 2568 3019 Plutarcho
2595 2981 2653 3017 ita

2824 949 2828 955 .
2813 904 2827 920 a·
2813 631 2831 870 ἑτιωι-μήχιῃὶ-Ἷ-μ,

2778 2631 2854 2675 δ”]
