2888 3512
1303 234 1538 277 „¹7-

264 373 309 410 nt
327 368 468 419 fallor,
495 379 641 421 magna
663 378 714 408 ex
736 370 877 420 parte,
914 363 982 403 vel
1005 363 1149 404 saltem
1172 367 1305 404 minus
1327 369 1424 417 apta
1447 368 1542 404 sunt
1568 368 1611 404 et
1638 366 1928 411 consentanea,
1957 372 2060 413 quae
2089 359 2155 398 01.
2171 358 2255 410 CX,
2273 358 2314 399 2.
2343 358 2454 399 facta
2475 369 2568 397 esse

264 425 455 476 docentur
467 439 692 488 posteriore
705 434 794 475 loco
811 445 898 484 cap.
917 431 994 473 82:
1035 426 1237 480 Εὖθῦς
1269 425 1323 479 δὲ
1353 435 1466 486 (post
1482 425 1634 472 divisos
1651 430 1805 470 colonis
1821 441 1945 483 agros
1962 427 2255 481 Syracusanum
2271 432 2313 466 et
2325 426 2569 482 Argyrinen-

263 506 370 552 sem)
396 492 494 543 καὶ
510 494 635 545 τούς
669 489 1171 557 προῦποίρχοντας
1202 490 1399 555 νόμους
1429 496 1488 542 ὲν
1510 494 1640 542 ταῖς
1664 487 2086 555 Συρακούσαις,
2118 484 2205 537 οὓς
2225 482 2569 563 συνέγραψεΙΙ

262 559 526 608 Διοκλῆς
572 553 881 621 διώρθωσε
904 596 914 607 .
936 556 1039 607 καῖ
1076 556 1211 607 τούς
1252 558 1360 619 μὲν
1414 555 1555 622 περὶ
1593 560 1709 606 τῶν
1754 549 2071 604 ἰδιωτικῶν
2114 551 2498 612 συμβολαίων
2538 569 2566 599 οι

262 623 658 686 κληρονομιῶν
713 620 908 670 εἴασεν
953 618 1405 682 α’μεταθέτους,
1449 620 1577 671 τούς
1608 614 1669 670 δὲ
1700 617 1837 697 περὶ
1874 623 1990 668 τῶν
2023 613 2298 678 δημοσίων
2340 634 2567 674 νενομο-

262 684 634 746 θετημένους
665 684 805 750 πρδς
837 684 941 745 τήν
983 682 1135 736 ι’δίαν
1174 684 1533 744 ὑπόστασιν,
1563 681 1633 735 ὥς
1665 699 1782 734 ποτ
1823 678 2010 733 ἐδόκει
2042 680 2380 747 συμφέρειν,
2422 675 2569 760 διώρ-

189 798 198 804 ‚
262 749 475 800 θωσεν,
507 750 754 795 Quibuscum
779 751 1020 792 conferenda
1043 758 1160 803 sunt,
1199 766 1301 804 quae
1320 753 1389 793 lib.
1406 752 1512 792 XIII.
1536 765 1569 791 c.
1586 752 1652 796 35.
1679 750 1882 790 adnotavit
1907 750 1984 788 hac
2003 749 2051 789 de
2078 762 2123 788 re
2143 747 2368 788 Diodorus:
2396 744 2433 792 οἵ
2455 739 2570 792 ὃόυν

260 808 548 893 Συρακούσιοι
577 811 712 860 κατοί
734 810 838 862 τούς
861 811 1094 877 νεωτέρους
1115 811 1299 878 χρόνους
1321 811 1549 925 κατοὶέιὲν
1573 810 1862 872 Τιμολέοντα
1888 807 2286 869 νομοθετήσαντος
2299 804 2452 858 αὐτοῖς
2470 813 2563 858 Κε-

261 879 439 940 φαλου,
473 874 609 924 κατοὶ
625 871 675 924 δὲ
696 875 777 923 τὸν
789 875 968 938 Ἱέρωνα
989 877 1068 925 τόν
1092 877 1302 934 βασιλέα
1315 879 1447 926 Πολυ
1473 875 1597 938 ώρου,
1630 871 1855 938 ου’δέτερον
1876 872 2028 922 αὐτῶν
2050 871 2289 933 ω’νόμασαν
2308 871 2566 931 νομοθέτην

263 936 386 1004 ἀλλ’
408 926 638 1000 ἑξηγητιίν
674 942 754 987 τοῦ
782 940 1049 1000 νομοθέτου·
1075 935 1151 990 διοί
1180 941 1235 990 τὸ
1266 940 1369 991 τούς
1396 937 1551 1001 νόμους
1575 939 1920 1003 γεγραμμένους
1955 934 2135 1000 α’ρχαίᾳ
2164 932 2397 1000 διαλέκτῳ
2422 930 2566 985 δοκεῖν

263 994 377 1053 εἶναι
401 996 804 1062 δυσκατανοήτους.

365 1127 428 1168 De
449 1127 558 1168 bello
584 1140 610 1167 a
624 1126 874 1167 Timoleonte
897 1133 989 1168 ante
1014 1129 1228 1170 secundam
1243 1129 1467 1170 Poenorum
1489 1128 1781 1182 expeditionem
1806 1133 1925 1181 gesto
1951 1126 2140 1169 nonnulla
2160 1129 2374 1167 memoriae
2397 1125 2568 1177 prodidit

259 1190 483 1244 Diodorus,
511 1203 613 1245 quae
630 1195 790 1245 ignorat
803 1190 1057 1234 Plutarchus.
1112 1193 1263 1235 Narrat
1279 1197 1384 1235 enim
1408 1193 1480 1234 ille
1500 1206 1586 1247 cap.
1606 1193 1671 1244 72,
1700 1191 1881 1233 Hicetam
1906 1196 2000 1244 post
2023 1190 2176 1231 cladem
2192 1189 2407 1244 Syracusis
2432 1202 2569 1243 accep-

260 1259 343 1295 tam
359 1268 448 1295 cum
465 1258 643 1295 exercitu
659 1255 765 1294 haud
777 1268 902 1308 parvo
918 1256 1151 1310 confugisse
1165 1257 1384 1297 Leontinos
1395 1286 1409 1309 ‚
1437 1257 1556 1310 idque
1572 1256 1757 1310 oppidum
1774 1255 2062 1294 Timoleontem
2087 1255 2241 1294 frustra
2255 1258 2448 1294 conatum
2474 1265 2568 1292 esse

260 1331 513 1372 expugnare3
542 1318 663 1370 paulo
690 1323 807 1370 post,
847 1318 939 1358 dum
963 1319 1171 1360 Timoleon
1198 1326 1415 1373 occupatus
1439 1326 1553 1360 esset
1576 1324 1616 1360 in
1639 1318 1900 1372 oppugnando
1927 1318 2069 1371 Engyo
2094 1318 2261 1370 oppido,
2289 1317 2473 1373 Hicetam
2497 1330 2566 1370 ag-

260 1393 447 1435 gressum
465 1394 560 1422 esse
577 1381 804 1434 Syracusas
815 1410 828 1432 ,
857 1381 1026 1434 indeque
1037 1412 1050 1434 ,
1077 1383 1216 1423 multis
1232 1384 1403 1423 militum
1419 1387 1603 1434 amissis,
1632 1383 1850 1423 Leontinos
1868 1382 2054 1421 celeriter
2071 1394 2117 1420 se
2140 1384 2358 1433 recepisse.
2411 1380 2566 1420 Deinde

222 1440 226 1443 ’
260 1457 345 1496 cap.
362 1444 417 1484 '2¹7
428 1473 441 1495 ,
469 1445 537 1484 ubi
563 1447 748 1497 ingentes
770 1448 1018 1483 enumeravit
1042 1449 1203 1498 copias,
1241 1446 1385 1498 quibus
1411 1449 1452 1485 in
1475 1446 1655 1486 Siciliam
1676 1447 1929 1484 transmissis
1956 1458 2100 1483 novum
2123 1442 2477 1497 Carthaginienses
2501 1443 2568 1482 ad-

257 1519 402 1547 versus
418 1507 710 1547 Timoleontem
726 1506 921 1558 parabant
943 1507 1113 1560 bellum,
1142 1509 1318 1548 breviter
1333 1513 1636 1561 commemorat,
1663 1508 1974 1559 Timoleontem,
2002 1507 2110 1547 bello
2123 1534 2136 1559 ,
2166 1505 2271 1560 quod
2293 1519 2342 1546 eo
2365 1510 2456 1560 ipso
2471 1511 2567 1546 tem-

259 1584 357 1623 pore
373 1584 461 1611 cum
476 1570 620 1610 Hiceta
640 1570 829 1623 gerebat,
857 1575 1102 1623 composito,
1131 1573 1250 1612 huius
1273 1574 1425 1612 milites
1454 1576 1541 1612 suis
1567 1573 1847 1626 adjungentem
1870 1584 2114 1625 magnopere
2137 1574 2245 1610 vires
2268 1584 2366 1611 suas
2389 1575 2565 1611 auxisse.

259 1633 410 1675 Harum
427 1646 560 1674 rerum
585 1636 758 1674 omnium
781 1646 908 1686 paene
931 1635 1032 1675 nihil
1055 1635 1206 1689 legitur
1226 1637 1331 1689 apud
1345 1637 1599 1677 Plutarchum
1612 1665 1624 1687 ,
1653 1640 1720 1688 qui
1746 1637 1822 1676 hoc
1843 1641 1995 1676 tantum
2023 1634 2146 1675 tradit
2170 1648 2257 1686 cap.
2273 1634 2340 1686 24,
2369 1635 2563 1684 Hicetam,

259 1695 443 1738 liberatis
458 1696 693 1751 Syracusis,
721 1708 748 1735 a
763 1696 1033 1749 Timoleonte,
1063 1702 1130 1750 qui
1154 1703 1285 1739 omnia
1306 1703 1345 1739 in
1360 1699 1499 1739 Sicilia
1514 1704 1769 1752 tyrannorum
1792 1702 1960 1751 imperia
1974 1702 2156 1737 evertere
2180 1701 2220 1736 in
2238 1700 2368 1737 animo
2383 1697 2562 1748 haberet,

261 1765 439 1801 coactum
464 1773 581 1811 esse,
619 1765 665 1799 ut
688 1772 715 1799 a
736 1763 932 1799 societate
964 1774 1052 1800 cum
1076 1761 1471 1816 Carthaginiensibus
1497 1766 1596 1802 inita
1628 1776 1675 1802 se
1700 1765 1951 1816 seiungeret,
1990 1767 2110 1813 atque
2132 1773 2248 1800 arces
2271 1773 2318 1800 se
2344 1761 2566 1800 diruturum

260 1829 303 1865 et
322 1827 518 1877 privatam
543 1827 665 1866 vitam
686 1821 893 1863 Leontinis
918 1829 1097 1865 acturum
1118 1830 1381 1878 promitteret.
1436 1826 1529 1867 Jam
1553 1830 1589 1866 si
1614 1829 1704 1878 quis
1725 1831 1860 1877 putet,
1890 1838 1992 1878 quae
2017 1830 2185 1877 uterque
2212 1828 2385 1876 scriptor
2406 1823 2567 1864 diversa

260 1888 406 1930 dixerit
417 1918 429 1941 ‚
457 1901 508 1930 ea
521 1891 579 1929 ita
593 1899 715 1941 posse
738 1891 842 1928 inter
859 1900 905 1928 se
921 1888 1145 1941 conciliari,
1173 1894 1219 1930 ut
1232 1889 1470 1931 Plutarchus
1490 1895 1691 1931 statuatur
1705 1890 1894 1931 nonnulla
1910 1892 2120 1940 omisisse,
2149 1901 2200 1929 ea
2214 1893 2347 1929 autem
2358 1918 2370 1939 ,
2400 1900 2501 1941 quae
2517 1887 2565 1929 de

261 1952 570 1992 Hiceta-referat
596 1952 647 1991 ab
666 1951 916 1990 Timoleonte
944 1956 983 1991 in
999 1956 1194 2004 privatam
1213 1957 1335 1993 vitam
1352 1955 1534 2004 detruso,
1561 1953 1613 1993 ad
1638 1954 1804 1993 eandem
1827 1966 1966 2006 pacem
1988 1958 2177 2005 putentur
2198 1955 2421 2004 pertinere,
2450 1965 2565 2004 quam

260 2015 335 2055 suh
359 2014 748 2069 Carthaginiensium
778 2014 990 2056 adventum
1012 2020 1117 2056 inter
1141 2021 1251 2057 viros
1276 2018 1371 2057 illos
1396 2018 1543 2057 factam
1566 2030 1662 2057 esse
1686 2018 1810 2057 tradit
1830 2017 2047 2067 Diodorus,
2075 2016 2172 2056 licet
2195 2030 2271 2056 non
2296 2019 2374 2067 sit,
2404 2015 2508 2068 quod
2526 2018 2564 2055 ei

260 2081 483 2119 sententiae
499 2089 740 2132 magnopere
756 2077 941 2132 refrager
951 2108 964 2131 ,
992 2079 1069 2120 hoc
1084 2085 1215 2121 tamen
1226 2080 1321 2133 jure
1343 2082 1439 2122 mihi
1455 2081 1593 2122 videor
1607 2081 1811 2122 affirmare
1822 2111 1834 2132 ,
1862 2093 1912 2120 ea
1934 2084 2088 2121 ratione
2100 2110 2113 2133 ,
2144 2093 2221 2133 qua
2235 2078 2437 2120 Diodorus
2453 2077 2563 2129 dixit,

260 2159 398 2201 pacem
413 2145 525 2186 illam
539 2147 628 2186 fieri
643 2149 710 2187 vix
725 2150 919 2199 potuisse.
975 2147 1077 2188 Sunt
1102 2153 1207 2190 enim
1223 2150 1313 2203 ejus
1337 2149 1386 2190 de
1410 2154 1493 2191 ista
1508 2162 1553 2191 re
1576 2150 1677 2191 haec
1695 2150 1840 2191 verba:
1869 2144 2002 2206 ’έχων
2024 2141 2070 2197 δὲ
2091 2145 2300 2207 πόλεμον
2325 2144 2436 2208 πρδς
2453 2142 2564 2193 Ἱκέ-

260 2224 375 2263 ταν,
406 2200 648 2256 διελύσατο
673 2207 785 2270 πρός
802 2206 967 2266 αὔτδν,
1011 2210 1094 2259 καὶ
1116 2211 1493 2273 προσλαβόμενος
1526 2213 1629 2261 τούς
1657 2210 1761 2272 μετ’
1784 2208 1924 2258 αὐτοῦ
1955 2210 2259 2272 στρατιώτας,
2303 2207 2352 2256 ου’
2373 2207 2565 2269 μετρίως

260 2267 421 2332 ηὔξησε
438 2268 523 2328 τήν
546 2266 662 2320 ι’δίαν
685 2266 884 2330 δύναμιν.
948 2276 1063 2317 Quae
1081 2280 1165 2328 ita,
1195 2281 1235 2317 ni
1253 2278 1394 2329 fallor,
1424 2284 1518 2319 sunt
1536 2278 1661 2328 dicta,
1691 2283 1736 2318 ut
1759 2277 1941 2317 Hicetam
1963 2284 2155 2329 appareat
2179 2276 2244 2316 vel
2267 2280 2397 2328 ipsum
2421 2274 2472 2313 ad
2496 2288 2566 2326 pa-

261 2345 348 2373 cem
372 2331 678 2384 componendam
703 2332 941 2384 inclinasse,
969 2333 1035 2374 vel
1062 2335 1208 2375 saltem
1235 2335 1346 2375 nulla
1370 2340 1615 2376 necessitate
1638 2341 1819 2375 coactum
1842 2348 1929 2375 eum
1958 2335 2206 2375 Timoleonte
2230 2336 2492 2374 consensisse
2517 2332 2566 2372 de

260 2396 369 2437 bello
388 2393 572 2435 finiendo.
625 2393 681 2434 At
702 2399 902 2436 enimvero
931 2396 1024 2448 quid
1048 2397 1143 2449 fingi
1169 2402 1302 2449 possit
1326 2402 1456 2438 minus
1481 2402 1566 2438 veri
1592 2399 1746 2447 simile,
1776 2411 1891 2449 quam
1906 2398 2111 2447 Hicetam,
2141 2401 2207 2449 qui
2223 2400 2366 2448 quovis
2384 2402 2565 2447 tempore

261 2457 567 2499 infestissimum
594 2469 641 2497 se
664 2456 905 2500 Timoleonti
932 2460 1209 2513 praebuisset,
1250 2466 1333 2502 tum
1355 2462 1547 2502 maluisse
1572 2462 1720 2502 bellum
1746 2474 1979 2513 componere
2005 2474 2121 2513 quam
2152 2461 2321 2512 ducere,
2360 2475 2480 2514 quum
2509 2464 2564 2500 in·

261 2526 395 2562 stante
419 2521 805 2574 Carthaginiensium
829 2523 1001 2564 adventu
1024 2537 1188 2579 sperare
1210 2525 1351 2565 liceret
1381 2525 1492 2576 fore,
1534 2529 1579 2565 ut
1602 2528 1690 2579 ipse
1712 2536 1956 2579 magnopere
1979 2524 2269 2577 adjuvaretur,
2298 2523 2560 2565 Timoleontis

262 2598 331 2624 res
346 2590 387 2625 in
401 2591 619 2626 extremum
635 2584 923 2627 adducerentur
945 2589 1188 2629 discrimen?
1213 2590 1344 2629 Multo
1368 2590 1620 2641 credibilius,
1649 2589 1755 2643 quod
1771 2590 2012 2628 Plutarchus
2029 2589 2223 2642 prodidit,
2250 2589 2433 2629 Hicetam
2455 2587 2558 2625 bello

205 2672 210 2677 -
262 2654 493 2700 superatum
518 2663 544 2690 a
563 2649 811 2690 Timoleonte
834 2658 1014 2702 coactum
1038 2642 1191 2705 fuisse,
1220 2659 1266 2694 ut
1287 2668 1399 2693 arma
1419 2659 1595 2705 poneret.
1651 2653 1715 2693 Ita
1739 2657 1776 2693 si
1800 2654 1878 2693 fuit
1902 2667 1970 2693 res
1991 2659 2133 2706 gesta,
2169 2653 2270 2693 illud
2294 2663 2444 2705 quoque
2470 2649 2559 2694 fieri

262 2713 415 2767 potuit,
444 2713 550 2765 quod
562 2712 765 2755 Diodorus
782 2719 938 2768 narrat,
966 2721 1011 2758 ut
1027 2716 1194 2758 Hicetae
1211 2717 1362 2759 milites
1380 2720 1420 2758 in
1442 2729 1537 2758 suas
1555 2730 1581 2758 a
1595 2716 1846 2768 Timoleonte
1872 2716 2174 2759 traducerentur
2188 2722 2345 2771 partes,
2373 2711 2478 2765 quod
2501 2715 2562 2754 ita

262 2776 412 2816 factum
428 2785 547 2826 esse,
576 2783 621 2816 ut
634 2778 818 2830 Hicetas,
848 2784 1027 2831 quamvis
1050 2782 1261 2833 prohibere
1278 2787 1439 2835 posset,
1466 2786 1598 2821 tamen
1620 2781 1833 2834 prohibere
1859 2796 1936 2821 non
1958 2782 2155 2837 voluerit,
2181 2784 2246 2820 vix
2260 2781 2358 2828 erit,
2388 2780 2457 2830 qui
2481 2777 2560 2823 sibi

263 2835 515 2892 persuadeat.
545 2861 593 2868 --
623 2840 739 2882 Quae
762 2847 965 2894 postremo
980 2845 1208 2895 acciderunt
1222 2845 1389 2886 Hicetae
1400 2875 1412 2897 ,
1440 2859 1490 2886 ea
1512 2849 1770 2897 paucissimis
1787 2846 2064 2898 complectitur
2077 2843 2276 2884 Diodorus
2293 2841 2430 2881 verbis
2447 2840 2561 2880 hisce

264 2907 319 2952 [c.
335 2904 432 2954 823:
469 2902 597 2960 μεταῖ
622 2899 671 2952 δὲ
696 2912 850 2955 ταῦτα
879 2914 926 2961 (ἰ.
945 2923 981 2952 e.
1006 2916 1100 2965 post
1119 2924 1259 2965 pacem
1284 2928 1373 2955 cum
1399 2912 1797 2967 Carthaginiensibus
1821 2913 1986 2961 factam,
2015 2910 2064 2950 cf.
2089 2909 2195 2949 Plut.
2212 2922 2246 2949 c.
2261 2909 2338 2959 34]
2365 2904 2445 2954 τὸν
2473 2905 2559 2965 μὲν

260 2960 442 3015 Ἱκέταν
462 2968 861 3028 καταπολεμήσας
880 2970 1069 3035 ἔθαψε.
1100 2975 1232 3018 Multo
1254 2977 1439 3019 uberiora
1459 2977 1648 3030 leguntur
1667 2978 1772 3031 apud
1783 2975 2035 3019 Plutarchum
2059 2984 2095 3013 c·
2110 2972 2305 3025 31)-33,
2335 2976 2401 3026 qui
2426 2976 2565 3014 tamea
